@STRING{lncs = {LNCS}}
@STRING{lnai = {LNAI}}
@STRING{proc = {Proc.~of }}
@STRING{cryptadv = {Proc.~of }}
@STRING{ijcai = { IJCAI}}
@STRING{stoc = { STOC}}
@STRING{focs = { FOCS}}
@STRING{soda = { SODA}}
@STRING{eurocrypt = { Eurocrypt}}
@STRING{crypto = { CRYPTO}}
@STRING{asiacrypt = { Asiacrypt}}
@STRING{aamas = { AAMAS}}
@STRING{aaai = { AAAI}}
@STRING{aaaiold = { AAAI}}
@STRING{fc = { FC}}
@STRING{fcds = { FC}}
@STRING{pkc = { PKC}}
@STRING{ec = { EC}}
@STRING{stacs = { STACS}}
@STRING{uai = { UAI}}
@STRING{tark = { TARK}}
@STRING{aaim = { AAIM}}
@STRING{agents = { AGENTS}}
@STRING{mpref = { M-PREF}}
@STRING{eacl = { EACL}}
@STRING{kdd = { KDD}}
@STRING{swat = { SWAT}}
@STRING{mfcs = { MFCS}}
@STRING{comsoc = { COMSOC}}
@STRING{colt = { COLT}}
@STRING{asiaccs = { ASIACCS}}
@STRING{eumas = { EUMAS}}
@STRING{wine = { WINE}}
@STRING{esa = { ESA}}
@STRING{cia = { CIA}}
@STRING{p2pecon = { P2PECON}}
@STRING{www = { WWW}}
@STRING{sagt = { SAGT}}
@STRING{isaac = { ISAAC}}
@STRING{icml = { ICML}}
@STRING{nips = { NIPS}}
@STRING{nspw = { NSPW}}
@STRING{iat = { IAT}}
@STRING{atal = { ATAL}}
@STRING{uist = { UIST}}
@STRING{hcomp = { HCOMP}}
@STRING{nsdi = { NSDI}}
@STRING{osdi = { OSDI}}
@STRING{sigcomm = { SIGCOMM}}
@STRING{itcs = { ITCS}}
@STRING{adt = { ADT}}
@STRING{sofsem = { SOFSEM}}
@STRING{ecai = { ECAI}}
@STRING{spaa = { SPAA}}
@STRING{icalp = { ICALP}}
@STRING{wads = { WADS}}

@STRING{springer = {Springer}}
@STRING{acm = {ACM Press}}
@STRING{ieee = {IEEE Press}}

@STRING{ip = {In Preparation}}
@STRING{ur = {Preliminary Draft}}
@string{ta = {To appear}}
