%A

@article{Adam11,
	author = {M. Adamczyk},
	title = {Improved analysis of the greedy algorithm for stochastic matching},
	journal = {Information Processing Letters},
	volume = 111,
	number = 15,
	pages = {731--737},
	year = 2011
}

@article{Alon87,
	author = {N. Alon},
	title = {Splitting necklaces},
	journal = {Advances in Mathematics},
	volume = 63,
	pages = {241--253},
	year = 1987
}

@article{Alon90,
	author = {N. Alon},
	title = {Transversal numbers of uniform hypergraphs},
	journal = {Graphs and Combinatorics},
	volume = 6,
	pages = {1--4},
	year = 1990
}

@article{Alon06,
	author = {N. Alon},
	title = {Ranking Tournaments},
	journal = {SIAM Journal of Discrete Mathematics},
	volume = 20,
	number = {1--2},
	pages = {137--142},
	year = 2006
}

@misc{Alon09,
	author = {N. Alon},
	howpublished = {Private communication},
	year = 2009
}

@book{Alt99,
	author = {E. Altman},
	title = {Constrained Markov Decision Processes},
	publisher = {Chapman and Hall},
	year = 1999
}

@inproceedings{Ant06,
	author = {S. Antonakopoulos},
	title = {Fast leader-election protocols with bounded cheaters' edge},
	booktitle = proc # {38th} # stoc,
	pages = {187--196},
	year = 2006
}

@book{Arr51,
  Author = {K. Arrow},
  Title = {Social Choice and Individual Values},
  Publisher = {John Wiley and Sons},
  Year = 1951
}

@incollection{Aum59,
	author = {R. J. Aumann},
	title = {Acceptable points in general cooperative $n$-person games},
	editor = {A. Tucker and R. Luce},
	booktitle = {Contributions to the Theory of Games},
	volume = 4,
	pages = {287--324},
	year = 1959,
	publisher = {Princeton University Press}
}

@inproceedings{AAD11,
	author = {O. Arzi and Y. Aumann and Y. Dombb},
	title = {Throw One's Cake --- and Eat It Too},
	booktitle = proc # {4th} # sagt,
	pages = {69--80},
	year = 2011
}

@inproceedings{AAS05,
	author = {N. Andelman and Y. Azar and M. Sorani},
	title = {Truthful approximation mechanisms for scheduling selfish related machines},
	booktitle = proc # {22nd} # stacs,
	pages = {69--82},
	year = 2005
}

@inproceedings{ABS07,
	author = {D. J. Abraham and A. Blum and T. Sandholm},
	title = {Clearing algorithms for barter exchange markets: Enabling nationwide kidney exchanges},
	booktitle = proc # {8th} # ec,
	pages = {295--304},
	year = 2007
}

@inproceedings{ACN05,
	title = {Aggregating Inconsistent Information: Ranking and Clustering},
	author = {N. Ailon and M. Charikar and A. Newman},
	booktitle = proc # {37th} # stoc,
	pages = {684--693},
	year = 2005
}

@article{AD08,
	author = {L. von Ahn and L. Dabbish},
	title = {Designing games with a purpose},
	journal = {Communications of the {ACM}},
	volume = 51,
	number = 8,
	pages = {58--67},
	year = 2008
}

@inproceedings{AD10,
	author = {Y. Aumann and Y. Dombb},
	title = {The Efficiency of Fair Division with Connected Pieces},
	booktitle = proc # {6th} # wine,
	pages = {26--37},
	year = 2010
}

@misc{ADH12,
	author = {Y. Aumann and Y. Dombb and A. Hassidim},
	title = {Computing Socially-Efficient Cake Divisions},
	year = 2012,
	howpublished = {Manuscript}
}
	
@inproceedings{AFKP10,
	author = {I. Ashlagi and F. Fischer and I. Kash and A. D. Procaccia},
	title = {Mix and Match},
	year = 2010,
	booktitle = proc # {11th} # ec,
	pages = {305--314}
}

@misc{AFPT09,
	author = {N. Alon and M. Feldman and A. D. Procaccia and M. Tennenholtz},
	title = {Strategyproof Approximation Mechanisms for Location on Networks},
	year = 2009,
	howpublished = {arXiv:0907.2049}
}

@article{AFPT10,
	author = {N. Alon and M. Feldman and A. D. Procaccia and M. Tennenholtz},
	title = {Strategyproof Approximation of the Minimax on Networks},
	journal = {Mathematics of Operations Research},
	volume = 35,
	number = 3,
	pages = {513--526},
	year = 2010
}

@article{AFPT10b,
	author = {N. Alon and M. Feldman and A. D. Procaccia and M. Tennenholtz},
	title = {Strategyproof Approximation of the Minimax on Networks},
	journal = {Mathematics of Operations Research},
	volume = 35,
	number = 3,
	pages = {513ï¿½-526},
	year = 2010
}

@inproceedings{AFPT11,
	author = {N. Alon and F. Fischer and A. D. Procaccia and M. Tennenholtz},
	title = {Sum of Us: Strategyproof Selection from the Selectors},
	booktitle = proc # {13th} # tark,
	pages = {101--110},
	year = 2011
}

@misc{AGRR11,
	author = {I. Ashlagi and D. Gamarnik and M. A. Rees and A. E. Roth},
	title = {The Need for (long) Chains in Kidney Exchange},
	year = 2011,
	howpublished = {Manuscript}
}

@misc{AGRR12,
	author = {I. Ashlagi and D. Gamarnik and M. A. Rees and A. E. Roth},
	title = {The Need for (Long) Chains in Kidney Exchange},
	year = 2012,
	howpublished = {NBER Working Paper Series No. 18202}
}

@misc{AMT11,
	author = {N. Altintas and A. Montgomery and M. A. Trick},
	title = {Using Customers' Reported Forecasts to Predict Future Sales},
	howpublished = {Manuscript},
	year = 2011
}
	

@article{AN93,
	author = {N. Alon and M. Naor},
	title = {Coin-flipping games immune against linear-sized coalitions},
	journal = {SIAM Journal on Computing},
	volume = 22,
	pages = {403--417},
	year = 1993
}

@article{AP88,
	author = {C. d'Aspremont and B. Peleg},
	title = {Ordinal {B}ayesian incentive compatible representations of committees},
	journal = {Social Choice and Welfare},
	volume = 5,
	pages = {261--279},
	year = 1988
}

@inproceedings{AR11,
	author = {I. Ashlagi and A. Roth},
	title = {Individual rationality and participation in large scale, multi-hospital kidney exchange},
	booktitle = proc # {13th} # ec,
	pages = {321--322},
	year = 2011
}

@inproceedings{ARR98,
	author = {S. Arora and P. Raghavan and S. Rao},
	title = {Approximation Schemes for {E}uclidean $k$-Medians and Related Problems},
	booktitle = proc # {30th} # stoc,
	pages = {106--113},
	year = 1998
}

@book{AS00,
	author = {N. Alon and J. H. Spencer},
	title = {The Probabilistic Method},
	publisher = {Wiley},
	edition = {2nd},
	year = 2000
}

@inproceedings{AT01,
	author = {A. Archer and \'E. Tardos},
	title = {Truthful mechanisms for one-parameter agents},
	booktitle = proc # {42nd} # focs,
	pages = {482--491},
	year = 2001
}

@inproceedings{AT05,
	author = {A. Altman and M. Tennenholtz},
	title = {Ranking systems: The {P}age{R}ank axioms},
	booktitle = proc # {6th} # ec,
	pages = {1--8},
	year = 2005
}

@article{AT07,
	author = {A. Archer and \'E. Tardos},
	title = {Frugal Path Mechanisms},
	journal = {ACM Transactions on Algorithms},
	volume = 3,
	number = 1,
	month = {article 3,},
	year = 2007
}

@inproceedings{AT08,
	author = {A. Altman and M. Tennenholtz},
	title = {Strategyproof deterministic lotteries under broadcast communication},
	booktitle = proc # {7th} # aamas,
	pages = {1549--1552},
	year = 2008
}

@misc{AT11,
	author = {N. Altintas and M. A. Trick},
	title = {A Data Mining Approach to Forecast Behavior},
	howpublished = {Manuscript},
	year = 2011
}

%B

@article{Band85,
	author = {H. J. Bandelt},
	title = {Networks with {C}ondorcet Solutions},
	journal = {European Journal of Operational Research},
	volume = 20,
	number = 3,
	pages = {314--326},
	year = 1985
}

@article{Banks85,
	author = {J. S. Banks},
	title = {Sophisticated Voting Outcomes and Agenda Control},
	journal = {Social Choice and Welfare},
	volume = 1,
	year = 1985,
	pages={295--306}
}

@article{Bar01,
	author = {S. Barber\`a},
	title = {An Introduction to Strategy-Proof Social Choice Functions},
	journal = {Social Choice and Welfare},
	volume = 18,
	pages = {619--653},
	year = 2001
}

@book{Bell57,
	author = {R. E. Bellman},
	title = {Dynamic Programming},
	publisher = {Princeton University Press},
	year = 1957
}

@book{Black58,
	title = {Theory of Committees and Elections},
	author ={D. Black},
	year = 1958,
	publisher = {Cambridge University Press}
}

@book{BMWM63,
  title={Representations of groups: with special consideration for the needs of modern physics},
  author={Boerner, H. and Murphy, P. G. and Werner, J. and Mayer-Kalkschmidt, P.},
  year={1963},
  publisher={North-Holland}
}

@book{Bol01,
	author = {B. Bollob\'as},
	title = {Random Graphs},
	year = {2001},
	edition = {2nd},
	publisher = {Cambridge University Press}
}

@article{Brandt09,
	author = {F. Brandt},
	title = {Some Remarks on {D}odgson's Voting Rule},
	journal = {Mathematical Logic Quarterly},
	year = 2009,
	volume = 55,
	number = 4,
	pages = {460--463}
}

@article{Bud11,
	author = {E. Budish},
	title = {The combinatorial assignment problem: Approximate competitive equilibrium from equal incomes},
	journal = {Journal of Political Economy},
	year = 2011,
	note = {Forthcoming}
}

@book{Burnside12,
  title={Theory of groups of finite order},
  author={Burnside, William},
  year={2012},
  publisher={Cambridge University Press}
}

@article{BA99,
	author = {A. L. Barab\'asi and R. Albert},
	title = {Emergence of scaling in random networks},
	journal = {Science},
	volume = 286,
	pages = {509--512},
	year = 1999
}

@article{BBDH+04,
	author = {C. Boutilier and R. I. Brafman and C. Domshlak and H. H. Hoos and D. Poole},
	title = {{CP}-nets: A Tool for Representing and Reasoning with Conditional Ceteris Paribus Preference Statements},
	journal = {Journal of Artificial Intelligence Research},
	volume = 21,
	pages = {135--191},
	year = 2004
}

@inproceedings{BBHM05,
	author = {M.-F. Balcan and A. Blum and J. D. Hartline and Y. Mansour},
	title = {Mechanism Design via Machine Learning},
	booktitle = proc # {46th} # focs,
	year = 2005,
	pages = {605--614}
}

@inproceedings{BCHL+12,
	author = {C. Boutilier and I. Caragiannis and S. Haber and T. Lu and A. D. Procaccia and O. Sheffet},
	title = {Optimal Social Choice Functions: A Utilitarian View},
	booktitle = proc # {13th} # ec,
	pages = {197--214},
	year = 2012
}

@incollection{BCE12,
	author = {F. Brandt and V. Conitzer and U. Endriss},
	title = {Computational Social Choice},
	booktitle = {Multiagent Systems},
	editor = {G.~Wei\ss},
	publisher = {MIT Press},
	edition = {2nd},
	note = {Forthcoming}
}

@inproceedings{BCHT+12,
	author = {X. Bei and N. Chen and X. Hua and B. Tao and E. Yang},
	title = {Optimal Proportional Cake Cutting with Connected Pieces},
	booktitle = proc # {26th} # aaai,
	year = 2012,
	pages = {1263--1269}
}

@article{BD05,
	author = {I. Bez\'akov\'a and V. Dani},
	title = {Allocating Indivisible Goods},
	journal = {SIGecom Exchanges},
	volume = 5,
	number = 3,
	pages = {11--18},
	year = 2005
}

@article{BD10,
	author = {N. Betzler and B. Dorn},
	title = {Towards a dichotomy for the Possible Winner problem in elections based on scoring rules},
	journal = {Journal of Computer and System Sciences},
	volume = 76,
	number = 8,
	pages = {821--836},
	year = 2010
}

@inproceedings{BDG95,
	author = {C. Boutilier and R. Dearden and M. Goldszmidt},
	title = {Exploiting structure in policy construction},
	booktitle = proc # {14th} # ijcai,
	pages = {1104-1111},
	year = 1995
}

@article{BDT92,
	author = {M. Berliant and K. Dunz and W. Thomson},
	title = {On the fair division of a heterogeneous commodity},
	journal = {Journal of Mathematical Economics},
	volume = 21,
	pages = {201--216},
	year = 1992
}

@incollection{BE96,
  author = {M. Bern and D. Eppstein},
  title = {Approximation Algorithms for Geometric Problems},
  editor = {D. Hochbaum},
  booktitle = {Approximation Algorithms for {NP}-Hard Problems},
  publisher = {PWS Publishing},
  year = 1996,
}

@inproceedings{BE08,
	author = {Y. Bachrach and E. Elkind},
	title = {Divide and conquer: False-name manipulations in weighted voting games},
	booktitle = proc # {7th } # aamas,
	pages = {975--982},
	year = 2008
}

@article{BEK02,
	author = {N. H. Bshouty and N. Eiron and E. Kushilevitz},
	title = {{PAC} Learning with Nasty Noise},
	journal = {Theoretical Computer Science},
	volume = 288,
	number = 2,
	year = 2002,
	pages = {255--275}
 }
 
@book{BF07,
	author = {S. J. Brams and P. C. Fishburn},
	title = {Approval Voting},
	publisher = {Springer},
	edition = {2nd},
	year = 2007
}

@article{BF08,
	author = {F. Brandt and F. Fischer},
	title = {Computing the {M}inimal {C}overing {S}et},
	journal = {Mathematical Social Sciences},
	year = 2008,
	note = {To appear}
}

@article{BFH09,
	author = {F. Brandt and F. Fischer and P. Harrenstein},
	title = {The Computational Complexity of Choice Sets},
	journal = {Mathematical Logic Quarterly},
	volume = 55,
	number = 4,
	pages = {444--459},
	year = 2009
}

@inproceedings{BFHH+08,
	author = {E. Brelsford and P. Faliszewski and E. Hemaspaandra and H. Schnoor and I. Schnoor},
	title = {Approximability of Manipulating Elections},
	booktitle = proc # {23rd} # aaai,
	pages = {44--49},
	year = 2008
}
 
@inproceedings{BFHM08,
	author = {F. Brandt and F. Fischer and P. Harrenstein and M. Mair},
	title = {A Computational Analysis of the {T}ournament {E}quilibrium {S}et},
	booktitle = proc # {23rd} # aaai,
	year = 2008,
	pages = {38--43}
}

@inproceedings{BFML+12,
	author = {S. J. Brams and M. Feldman and J. Morgenstern and J. K. Lai and A. D. Procaccia},
	title = {On Maxsum Fair Cake Divisions},
	booktitle = proc # {26th} # aaai,
	year = 2012,
	pages = {1285--1291}
}

@article{BFT11,
	author = {D. Bertsimas and V. F. Farias and N. Trichakis},
	title = {The price of fairness},
	journal = {Operations Research},
	volume = 59,
	number = 1,
	pages = {17--31},
	year = 2011
}

@article{BGLM+12,
	author = {N. Bansal and A. Gupta and J. Li and J. Mestre and V. Nagarajan and A. Rudra},
	title = {When {LP} Is the Cure for Your Matching Woes: Improved Bounds for Stochastic Matchings},
	journal = {Algorithmica},
	volume = 63,
	number = 4,
	pages = {733-762},
	year = 2012
}

@inproceedings{BGN03,
	author = {Y. Bartal and R. Gonen and N. Nisan},
	title = {Incentive compatible multi unit combinatorial auctions},
	booktitle = proc # {9th} # tark,
	pages = {72--87},
	year = 2003
}

@inproceedings{BGN08,
	author = {N. Betzler and J. Guo and R. Niedermeier},
	title = {Parameterized computational complexity of {D}odgson and {Y}oung elections},
	year = 2008,
	booktitle = proc # {11th} # swat,
	pages = {402--413}
}	

@article{BGN10,
	author = {N. Betzler and J. Guo and R. Niedermeier},
	title = {Parameterized computational complexity of {D}odgson and {Y}oung elections},
	year = 2010,
	journal = {Information and Computation},
	volume = 208,
	number = 2,
	pages = {165--177}
}	

@article{BH12,
  title={The Moore--Penrose Pseudoinverse: A Tutorial Review of the Theory},
  author={J. C. A. Barata and M. S. Hussein},
  journal={Brazilian Journal of Physics},
  volume={42},
  number={1-2},
  pages={146--165},
  year={2012},
%  publisher={Springer}
}

@inproceedings{BHN09,
  author = {N. Betzler and S. Hemmann and R. Niedermeier},
  title = {A Multivariate Complexity Analysis of Determining Possible Winners Given Incomplete Votes},
  Booktitle = proc # {21st} # ijcai,
  year  = 2009,
  pages = {53--58},
}

@article{BJ83,
	author = {K. Border and J. Jordan},
 	title = {Straightforward elections, unanimity and phantom voters},
	journal = {Review of Economic Studies},
	volume = 50,
	pages = {153--170},
	year = 1983
}

@article{BJ95,
	author = {S. Barber\`a and M. O. Jackson},
	title = {Strategy-proof exchange},
	journal = {Econometrica},
	volume = 63,
	number = 1,
	pages = {51--87},
	year = 1995
}

@article{BJK06,
	author = {S. J. Brams and M. A. Jones and C. Klamler},
	title = {Better ways to cut a cake},
	journal = {Notices of the AMS},
	volume = 53,
	number = 11,
	pages = {1314--1321},
	year = 2006
}

@article{BJK08,
	author = {S. J. Brams and M. A. Jones and C. Klamler},
	title = {Proportional pie-cutting},
	journal = {International Journal of Game Theory},
	volume = 36,
	number = {3--4},
	pages = {353--367},
	year = 2008
}

@misc{BJK11,
	author = {S. J. Brams and M. A. Jones and C. Klamler},
	title = {{$N$}-Person Cake-Cutting: There May Be No Perfect Division},
	howpublished = {Manuscript},
	year = 2011
}

@article{BKM05,
	author = {C. Busch and M. S. Krishnamoorthy and M. Magdon-Ismail},
	title = {Hardness Results for Cake Cutting},
	journal = {Bulletin of the EATCS},
	volume = 86,
	pages = {85--106},
	year = 2005
}

@article{BKZ98,
	author = {S. Brams and D. M. Kilgour and W. Zwicker},
	title = {The Paradox of Multiple Elections},
	journal = {Social Choice and Welfare},
	volume = 15,
	pages = {211--236},
	year = 1998
}

@article{BL86,
	author = {H. J. Brandelt and M. Labb\'e},
	title = {How bad can a voting location be},
	journal = {Social Choice and Welfare},
	volume = 3,
	pages = {125--145},
	year = 1986
}

@inproceedings{BL05,
	author = {S. Bouveret and J. Lang},
	title = {Efficiency and envy-freeness in fair division of indivisible goods: logical representation and complexity},
	booktitle = proc # {19th} # ijcai,
	pages = {935--940},
	year = 2005
}

@article{BM03,
	author = {P. L. Bartlett and S. Mendelson},
	title = {Rademacher and {G}aussian complexities: {R}isk bounds and structural results},
	journal = {Journal of Machine Learning Research},
	volume = 3,
	year = 2003,
	pages = {463--482}
}

@article{BM04,
	author = {A. Bogomolnaia and H. Moulin},
	title = {Random Matching under Dichotomous preferences},
	journal = {Econometrica},
	volume = 72,
	pages = {257--279},
	year = 2004
}

@inproceedings{BM08,
	author = {M. Braverman and E. Mossel},
	title = {Noisy Sorting Without Resampling},
	booktitle = proc # {19th} # soda,
	pages = {268--276},
	year = 2008
}

@inproceedings{BM13,
	author = {S. Br\^anzei and P. B. Miltersen},
	title = {Equilibrium Analysis in Cake Cutting},
	booktitle = proc # {12th} # aamas,
	year = 2013,
	note = {Forthcoming}
}

@inproceedings{BMPR+08,
	author = {Y. Bachrach and E. Markakis and A. D. Procaccia and J. S. Rosenschein and A. Saberi},
	title = {Approximating Power Indices},
	booktitle = proc # {7th} # aamas,
	pages = {943--950},
	year = 2008
}

@book{BMPTV06,
	author = {D. Bouyssou and T. Marchant and M. Pirlot and A. Tsouki\`as and P. Vincke},
	title = {Evaluation and Decision Models: Stepping Stones for the Analyst},
	publisher = {Springer-Verlag},
	year = 2006
}

@article{BN02,
	author = {E. Baharad and Z. Neeman},
	title = {The asymptotic strategyproofness of scoring and {C}ondorcet consistent rules},
	journal = {Review of Economic Design},
	volume = 4,
	pages = {331--340},
	year = 2002
}

@article{BNS07,
	author = {L. Blumrosen and N. Nisan and I. Segal},
	title = {Auctions with Severely Bounded Communication},
	journal = {Journal of Artificial Intelligence Research},
	volume = 28,
	pages = {233--266},
	year = 2007
}

@inproceedings{BNSJ+06,
	author = {M. Barreno and B. Nelson and R. Sears and A. D. Joseph and J. D. Tygar},
	title = {Can Machine Learning be Secure?},
	booktitle = proc # {1st} # asiaccs,
	year = 2006,
	pages = {16--25}
}

@inproceedings{BNW11,
	author = {N. Betzler and R. Niedermeier and G. J. Woeginger},
	title = {Unweighted Coalitional Manipulation Under the {B}orda Rule Is {NP}-Hard},
	booktitle = proc # {22nd} # ijcai,
	pages = {55--60},
	year = 2011
}

@article{BO91,
	author = {J. Bartholdi and J. Orlin},
	title = {{S}ingle {T}ransferable {V}ote Resists Strategic Voting},
	journal = {Social Choice and Welfare},
	volume = 8,
	pages = {341--354},
	year = 1991
}

@article{BP90,
	author = {S. Barber\`a and B. Peleg},
	title = {Strategy-Proof Voting Schemes with Continuous Preferences},
	journal = {Social Choice and Welfare},
	volume = 7,
	pages = {31--38},
	year = 1990
}

@inproceedings{BP11,
	author = {E. Birrell and R. Pass},
	title = {Approximately strategy-proof voting},
	booktitle = proc # {22nd} # ijcai,
	pages = {67--72},
	year = 2011
}

@inproceedings{BP12,
	author = {C. Boutilier and A. D. Procaccia},
	title = {A Dynamic Rationalization of Distance Rationalizability},
	booktitle = proc # {26th} # aaai,
	pages = {1278--1284},
	year = 2012
}

@book{BR86,
  title={Theory of group representations and applications},
  author={Barut, A. O. and Raczka, R.},
  volume={2},
  year={1986},
  publisher={World Scientific}
}

@article{BR09,
	author = {M. \'A. Ballester and P. Rey-Biel},
	title = {Does uncertainty lead to sincerity? {S}imple and complex voting mechanisms},
	journal = {Social Choice and Welfare},
	volume = 33,
	number = 3,
	pages = {477--494},
	year = 2009
}

@article{BT95,
	author ={S. J. Brams and A. D. Taylor},
	title = {An Envy-Free Cake Division Protocol},
	journal = {The American Mathematical Monthly},
	volume = 102,
	number = 1,
	year = 1995,
	pages = {9--18}
}

@book{BT96,
	author = {S. J. Brams and A. D. Taylor},
	title = {Fair Division: From Cake-Cutting to Dispute Resolution },
	year = 1996,
	publisher = {Cambridge University Press}
}

@article{BTT89,
	author = {J. Bartholdi and C. A. Tovey and M. A. Trick},
	title = {The Computational Difficulty of Manipulating an Election},
	journal = {Social Choice and Welfare},
	volume = 6,
	pages = {227--241},
	year = 1989
}

@article{BTT89b,
	author = {J. Bartholdi and C. A. Tovey and M. A. Trick},
	title = {Voting Schemes for which It Can Be Difficult to Tell Who Won the Election},
	journal = {Social Choice and Welfare},
	volume = 6,
	pages = {157--165},
	year = 1989
}

@article{BTT92,
	author = {J. Bartholdi and C. A. Tovey and M. A. Trick},
	title = {How hard Is It to Control an Election},
	journal = {Mathematical and Computer Modelling},
	volume = {16},
	pages = {27-40},
	year = 1992
}

@article{BTZ97,
	author = {S. J. Brams and A. D. Taylor and W. S. Zwicker},
	title = {A moving-knife solution to the four-person envy-free cake-division problem},
	journal = {Proceedings of the American Mathematical Society},
	volume = 125,
	number = 2,
	year = 1997,
	pages = {547--554}
}

@inproceedings{BV06,
	author = {E. Beigman and R. Vohra},
	title = {Learning from Revealed Preference},
	booktitle = proc # {7th} # ec,
	pages = {36--42},
	year = 2006
}

@article{BV10,
	author = {D. Bergemann and J. V\"alim\"aki},
	title = {The dynamic pivot mechanism},
	journal = {Econometrica},
	volume = 78,
	pages = {771--789},
	year = 2010
}	
%C

@article{Chaum81,
  author = {D. Chaum},
  title = {Untraceable Electronic Mail, Return Addresses, and Digital Pseudonyms},
  journal = {Communications of the ACM},
  volume = 24,
  number = 2,
  pages = {84-88},
  year = 1981
 }

@article{Chaum04,
  author = {D. Chaum},
  title = {Secret-Ballot Receipts: True Voter-Verifiable Elections},
  journal = {IEEE Security {\&} Privacy},
  volume = 2,
  number = 1,
  pages = {38-47},
  year = 2004
}

@article{Cher52,
	author = {H. Chernoff},
	title = {A measure of asymptotic efficiency for tests of a hypothesis based on the sum of observations},
	journal = {Annals of Mathematical Statistics},
	volume = 23,
	pages = {493--507},
	year = 1952
}

@article{Clar71,
	author = {E. H. Clarke},
	title = {Multipart Pricing of Public Goods},
	journal = {Public Choice},
	volume = 11,
	pages = {17--33},
	year = 1971
}

@misc{Con85,
	author = {M.~de Condorcet},
	title = {Essai sur l'application de l'analyse \`a la probabilit\'e de d\'ecisions rendues \`a la pluralit\'e de voix},
	howpublished = {Imprimerie Royal},
	year = 1785,
	note = {Facsimile published in 1972 by Chelsea Publishing Company, New York}
}

@inproceedings{Con06,
	author={V. Conitzer},
	title={Computing {S}later Rankings Using Similarities among Candidates},
	booktitle = proc # {21st} # aaai,
	pages = {613--619},
	year = 2006
}

@inproceedings{Con07,
	author = {V. Conitzer},
	title = {Eliciting Single-Peaked Preferences Using Comparison Queries},
	booktitle = proc # {6th} # aamas,
	pages = {408--415},
	year = 2007
}

@article{Con10,
	author = {V. Conitzer},
	title = {Making Decisions Based on the Preferences of Multiple Agents},
	journal = {Communications of the {ACM}},
	volume = 53,
	number = 3,
	pages = {84--94},
	year = 2010
}

@article{Crisman,
  title={THE BORDA COUNT, THE KEMENY RULE, AND THE PERMUTAHEDRON},
  author={CRISMAN, KARL-DIETER}
}

@article{CC83,
	author = {J. R. Chamberlin and P. N. Courant},
	title = {Representative Deliberations and Representative Decisions: Proportional Representation and the {B}orda Rule},
	journal = {American Political Science Review},
	volume = 77,
	number = 3,
	pages = {718--733},
	year = 1983
}

@article{CCF04,
	author = {M. Charikar and K. Chen and M. Farach-Colton},
	title = {Finding frequent items in data streams},
	journal = {Theoretical Computer Science},
	volume = 312,
	pages = {3--15},
	year = 2004
} 

@inproceedings{CCFH+09,
	author = {I. Caragiannis and J. A. Covey and M. Feldman and C. M. Homan and C. Kaklamanis and N. Karanikolas and A. D. Procaccia and J. S. Rosenschein},
	title = {On the Approximability of {D}odgson and {Y}oung Elections},
	booktitle = proc # {20th} # soda,
	year = 2009,
	pages = {1058--1067}
}

@article{CCFH+12,
	author = {I. Caragiannis and J. A. Covey and M. Feldman and C. M. Homan and C. Kaklamanis and N. Karanikolas and A. D. Procaccia and J. S. Rosenschein},
	title = {On the Approximability of {D}odgson and {Y}oung Elections},
	journal = {Artificial Intelligence},
	volume = {187--188},
	pages = {31--51},
	year = 2012,
}

@article{CCLN+07,
	author = {C. Chekuri and J. Chuzhoy and L. Lewin-Eytan and J. Naor and A. Orda},
	title = {Noncooperative multicast and facility location games},
	journal = {IEEE Journal on Selected Areas in Communications},
	volume = 25,
	pages = {1193--1206},
	year = 2007
}

@article{CDEL+06,
	author = {Y. Chevaleyre and P. E. Dunne and U. Endriss and J. Lang and M. Lema\^itre and N. Maudet and J. Padget and S. Phelps and J. A. Rodr\'iguez-Aguilar and P. Sousa},
	title = {Issues in Multiagent Resource Allocation},
	journal = {Informatica},
	volume = 30,
	year = 2006,
	pages = {3--31}
}

@inproceedings{CDK06,
	author = {V. Conitzer and A. Davenport and H. Kalagnanam},
	title = {Improved Bounds for Computing {K}emeny Rankings},
	booktitle = proc # {21st} # aaai,
	pages = {620--626},
	year = 2006
}

@inproceedings{CEEM07,
	author = {Y. Chevaleyre and U. Endriss and S. Estivie and N. Maudet},
	title = {Reaching envy-free states in distributed negotiation settings},
	booktitle = proc # {20th} # ijcai,
	pages = {1239--1244},
	year = 2007
}

@inproceedings{CELM07,
	author = {Y. Chevaleyre and U. Endriss and J. Lang and N. Maudet},
	title = {A Short Introduction to {C}omputational {S}ocial {C}hoice},
	booktitle = proc # {33rd} # sofsem,
	pages = {51--69},
	year = 2007
}

@article{CELM08,
	author = {Y. Chevaleyre and U. Endriss and J. Lang and N. Maudet},
	title = {Preference Handling in Combinatorial Domains: From {AI} to Social Choice},
	journal = {AI Magazine},
	volume = 29,
	number = 4,
	pages = {37--46},
	year = 2008
}

@inproceedings{CF05,
	author = {A. Cheng and E. Friedman},
	title = {Sybilproof reputation mechanisms},
	booktitle = proc # {3rd} # p2pecon,
	pages = {128--132},
	year = 2005
}

@inproceedings{CFFK+10,
	author = {E. Cohen and M. Feldman and A. Fiat and H. Kaplan and S. Olonetsky},
	title = {Envy-free makespan approximation},
	booktitle = proc # {11th} # ec,
	pages = {159--166},
	year = 2010
}

@inproceedings{CFP11,
	author = {I. Caragiannis and A. Filos-Ratsikas and A. D. Procaccia},
	title = {An Improved 2-Agent Kidney Exchange Mechanism},
	booktitle = proc # {7th} # wine,
	pages = {37--48},
	year = 2011
}
	
@inproceedings{CFR06,
	author = {D. Coppersmith and L. Fleischer and A. Rudra},
	title = {Ordering by weighted number of wins gives a good ranking for weighted tournaments},
	booktitle = proc # {17th} # soda,
	year = 2006,
	pages = {776--782}
}

@article{CFV91,
  author = {D. E. Critchlow and M. A. Fligner and J. S. Verducci},
  title = {Probability models on rankings},
  journal = {Journal of Mathematical Psychology},
  volume = 35,
  number = 3,
  pages = {294--318},
  year = 1991
}

@article{CG10,
	author = {F. Caro and J. Gallien},
	title = {Inventory Management of a Fast-Fashion Retail Network},
	journal = {Operations Research},
	volume = 58,
	number = 2,
	pages = {257--273},
	year = 2010
}

@article{CGMT+10,
	author = {F. Caro and J. Gallien and M. D. Miranda and J. C. Torralbo and J. M. C. Corras and M. M. Vazquez and J. A. R. Calamonte and J. Correa},
	title = {Zara Uses Operations Research to Reengineer its Global Distribution Process},
	journal = {Interfaces},
	volume = {40},
	number = {1},
	pages = {71--84},
	year = 2010,
}

@inproceedings{CIKM+09,
	author = {N. Chen and N. Immorlica and A. R. Karlin and M. Mahdian and A. Rudra},
	title = {Approximating Matches Made in Heaven},
	booktitle = proc # {36th} # icalp,
	pages = {266--278},
	year = 2009
}

@inproceedings{CK12,
	author = {F. Chierichetti and J. Kleinberg},
	title = {Voting with limited information and many alternatives},
	booktitle = proc # {23rd} # soda,
	pages = {1036--1055},
	year = 2012
}

@inproceedings{CKKK09,
	author = {I. Caragiannis and C. Kaklamanis and P. Kanellopoulos and M. Kyropoulou},
	title = {The efficiency of fair division},
	booktitle = proc # {5th} # wine,
	pages = {475--482},
	year = 2009
}

@inproceedings{CKKP10,
	author = {I. Caragiannis and C. Kaklamanis and N. Karanikolas and A. D. Procaccia},
	title = {Socially desirable approximations for {D}odgson's voting rule},
	booktitle = proc # {11th} # ec,
	pages = {253--262},
	year = 2010
}

@article{CKKP12,
	author = {I. Caragiannis and C. Kaklamanis and N. Karanikolas and A. D. Procaccia},
	title = {Socially desirable approximations for {D}odgson's voting rule},
	journal = {ACM Transactions on Algorithms},
	year = 2013,
	note = {Forthcoming}
}

@inproceedings{CKM10,
	author = {I. Caragiannis and D. Kalaitzis and E. Markakis},
	title = {Approximation algorithms and mechanism design for minimax approval voting},
	booktitle = proc # {24th} # aaai,
	pages = {737--742},
	year = 2010
}

@inproceedings{CKMN+08,
	author = {M. Charikar and H. Karloff and C. Mathieu and J. Naor and M. Saks},
	title = {Online multicast with egalitarian cost sharing},
	booktitle = proc # {20th} # spaa,
	pages = {70--76},
	year = 2008
}

@article{CKTB+10,
	author = {S. Cooper and F. Khatib and A. Treuille and J. Barbero and J. Lee and M. Beenen and A. Leaver-Fay and D. Baker and Z. Popovi\'c},
	title = {Predicting protein structures with a multiplayer online game},
	journal = {Nature},
	volume = 466,
	pages = {756--760},
	year = 2010
}

@inproceedings{CKV07,
	author = {G. Christodoulou and E. Koutsoupias and A. Vidali},
	title = {A lower bound for scheduling mechanisms},
	booktitle = proc # {18th} # soda,
	pages = {1163--1170},
	year = 2007
}

@article{CL95,
	author = {J. Cooper and N. Linial},
	title = {Fast perfect-information leader-election protocols with linear immunity},
	journal = {Combinatorica},
	volume = 15,
	pages = {319--332},
	year = 1995
} 

@article{CL99,
	author = {P. J. Coughlan and M. {Le Breton}},
	title = {A Social Choice Function Implementable via Backward Induction with Values in the Ultimate Uncovered Set},
	journal = {Review of Economic Design},
	volume = 4,
	pages = {153--160},
	year = 1999
}

@inproceedings{CLP11,
	author = {I. Caragiannis and J. K. Lai and A. D. Procaccia},
	title = {Towards more expressive cake cutting},
	booktitle = proc # {22nd} # ijcai,
	pages = {127--132},
	year = 2011
}

@inproceedings{CLPP10,
	author = {Y. Chen and J. K. Lai and D. C. Parkes and A. D. Procaccia},
	title = {Truth, Justice, and Cake Cutting},
	booktitle = proc # {24th} # aaai,
	pages = {756--761},
	year = 2010
}

@inproceedings{CLPP11,
	author = {Y. J. Cohler and J. K. Lai and D. C. Parkes and A. D. Procaccia},
	title = {Optimal Envy-Free Cake Cutting},
	booktitle = proc # {25th} # aaai,
	pages = {626--631},
	year = 2011
}

@article{CLPP13,
	author = {Y. Chen and J. K. Lai and D. C. Parkes and A. D. Procaccia},
	title = {Truth, Justice, and Cake Cutting},
	journal = {Games and Economic Behavior},
	volume = 77,
	pages = {284--297},
	year = 2013
}

@article{CLPP13aaai,
	author = {Y. Chen and J. K. Lai and D. C. Parkes and A. D. Procaccia},
	title = {Truth, Justice, and Cake Cutting},
	journal = {Games and Economic Behavior},
	volume = 77,
	pages = {284--297},
	year = 2013,
	note = {Preliminary version in AAAI'10}
}
	
@book{CLRS01,
	author = {T. H. Cormen and C. E. Leiserson and R. L. Rivest and C. Stein},
	title = {Introduction to Algorithms},
	edition = {2nd},
	publisher = {MIT Press},
	year = 2001
}

@article{CM05,
	author = {G. Cormode and S. Muthukrishnan},
	title = {An improved data stream summary: the count-min sketch and its applications},
	journal = {Journal of Algorithms},
	volume = 55,
	pages = {58--75},
	year = 2005
}

@book{CM06,
	author = {B. Chaib-draa and J. P. M\"uller},
	title = {Multiagent-Based Supply Chain Management},
	publisher = {Springer},
	year = 2006
}

@article{CP11,
	author = {I. Caragiannis and A. D. Procaccia},
	title = {Voting Almost Maximizes Social Welfare Despite Limited Communication},
	journal = {Artificial Intelligence},
	volume = 175,
	number = {9--10},
	pages = {1655--1671},
	year = 2011
}

@article{CP11b,
	author = {K. Chechl\'arov\'a and E. Pill\'arov\'a},
	title = {A near equitable 2-person cake cutting algorithm},
	journal = {Optimization},
	year = 2011,
	note = {Forthcoming}
}
	
@inproceedings{CPS06,
	author = {R. Cavallo and D. C. Parkes and S. Singh},
	title = {Optimal Coordinated Planning Amongst Self-Interested Agents with Private State},
	booktitle = proc # {22nd} # uai,
	pages = {55--62},
	year = 2006
}
	
@inproceedings{CPS13,
  title={When do noisy votes reveal the truth?},
  author={I. Caragiannis and A. D. Procaccia and N. Shah},
  booktitle= proc # {14th} # ec,
  pages={143--160},
  year={2013},
%  organization={ACM}
}

@inproceedings{CRX09,
  author = {V. Conitzer and M. Rognlie and L. Xia},
  title = {Preference Functions That Score Rankings and Maximum Likelihood Estimation},
  year = 2009,
  booktitle = proc # {21st} # ijcai,
  pages = {109--115}
}

@inproceedings{CS02,
	author = {V. Conitzer and T. Sandholm},
	title = {Vote Elicitation: Complexity and Strategyproofness},
	booktitle = proc # {18th} # aaai,
	pages = {392--397},
	year = 2002
}

@inproceedings{CS02b,
	author = {V. Conitzer and T. Sandholm},
	title = {Complexity of Mechanism Design},
	booktitle = proc # {18th} # uai,
	pages = {103--110},
	year = {2002}
}

@inproceedings{CS03,
	author = {V. Conitzer and T. Sandholm},
	title = {Universal Voting Protocol Tweaks to Make Manipulation Hard},
	booktitle = proc # {18th} # ijcai,
	pages = {781--788},
	year = 2003
}

@inproceedings{CS04,
	author={V. Conitzer and T. Sandholm},
	title = {An Algorithm for Automatically Designing Deterministic Mechanisms without Payments},
	booktitle = proc # {3rd} # aamas,
	pages = {128--135},
	year = 2004
}

@inproceedings{CS05,
	author = {V. Conitzer and T. Sandholm},
	title = {Communication Complexity of Common Voting Rules},
	booktitle = proc # {6th} # ec,
	pages = {78--87},
	year = 2005
}

@inproceedings{CS05b,
	author = {V. Conitzer and T. Sandholm},
	title = {Common Voting Rules as Maximum Likelihood Estimators},
	booktitle = proc # {21st} # uai,
	pages = {145--152},
	year = 2005
}

@inproceedings{CS06,
	author = {V. Conitzer and T. Sandholm},
	title = {Nonexistence of Voting Rules that are Usually Hard to Manipulate},
	booktitle = proc # {21st} # aaai,
	year = {2006},
	pages = {627--634}
}

@article{CSL07,
	author = {V. Conitzer and T. Sandholm and J. Lang},
	title = {When Are Elections with Few Candidates Hard to Manipulate?},
	journal = {Journal of the ACM},
	volume = 54,
	number = 3,
	year = {2007},
	pages = {1--33}
}

@inproceedings{CTT12,
	author = {K. P. Costello and P. Tetali and P. Tripathi},
	title = {Matching with Commitment},
	booktitle = proc # {39th} # icalp,
	pages = {822--833},
	year = 2012
}
	
	
	Kevin P. Costello, Prasad Tetali, Pushkar Tripathi: Stochastic Matching with Commitment. ICALP (1) 2012: 822-833

@inproceedings{CV05,
	author = {E. Crawford and M. Veloso},
	title = {Learning Dynamic Preferences in Multi-Agent Meeting Scheduling},
	booktitle = proc # {5th} # iat,
	pages = {487--490},
	year = 2005
}

@Book{CWG95,
	author = {A. {Mas-Colell} and M. D. Whinston and J. R. Green},
	title = {Microeconomic Theory},
	publisher = {Oxford University Press},
	year = 1995
}

@article{CYZ11,
	author = {Y. Cheng and W. Yu and G. Zhang},
	title = {Strategy-proof approximation mechanisms for an obnoxious facility game on networks},
	journal = {Theoretical Computer Science},
	year = 2011,
	note = {Forthcoming}
}

%D

@mastersthesis{Dan06,
	author = {J. C. McCabe-Dansted},
	title = {Approximability and computational feasibility of {D}odgson's rule},
	year = 2006,
	school = {{U}niversity of {A}uckland}
}

@inproceedings{Dan08,
	author = {J. C. McCabe-Dansted},
	title = {Dodgson's Rule: Approximations and Absurdity},
	booktitle = proc # {2nd} # comsoc,
	year = 2008,
	pages = {371--382}
}

@book{Dod76,
	author = {C. L. Dodgson},
	title = {A Method for Taking Votes on More than Two Issues},
	year = 1876,
	publisher = {Clarendon Press}
}

@article{Dung95,
	author = {P. M. Dung},
	title = {On the acceptability of arguments and its fundamental role in nonmonotonic reasoning, logic programming and $n$-person games},
	journal = {Artificial Intelligence},
	volume = 77,
	pages = {321ï¿½-357}, 
	year = 1995
}

@article{Dunne07,
	author = {P. E. Dunne},
	title = {Computational properties of argumentation systems satisfying graph-theoretic constraints},
	journal = {Artificial Intelligence},
	volume = 171,
	number = {10--15},
	pages = {701--729},
	year = 2007
}

@book{Durr06,
	author = {R. Durrett},
	title = {Random Graph Dynamics},
	publisher = {Cambridge University Press},
	year = 2006
}

@inproceedings{DD05,
	author = {D. Dolgov and E. Durfee},
	title = {Stationary Deterministic Policies for Constrained {MDP}s with Multiple Rewards, Costs, and Discount Factors},
	booktitle = proc # {19th} # ijcai,
	pages = {1326--1331},
	year = 2005
}

@article{DD06,
	author = {D. Dolgov and E. Durfee},
	title = {Resource Allocation Among Agents with {MDP}-Induced Preferences},
	journal = {Journal of Artificial Intelligence Research},
	volume = 27,
	pages = {505--549},
	year = 2006
}

@inproceedings{DDDR08,
	author = {P. Dhangwatnotai and S. Dobzinski and S. Dughmi and T. Roughgarden},
	title = {Truthful Approximation Schemes for Single-Parameter Agents},
	booktitle = proc # {49th}# focs, 
	year = 2008,
	pages = {15--24}
}

@inproceedings{DDMS+04,
	author = {N. Dalvi and P. Domingos and Mausam and S. Sanghai and D. Verma},
	title = {Adversarial Classification},
	booktitle = proc # {10th} # kdd,
	pages = {99--108},
	year = 2004
}

@misc{DFHK+11,
	author = {D. Dolev and D. G. Feitelson and J. Y. Halpern and R. Kupferman and N. Linial},
	title = {No justified complaints: On fair sharing of multiple resources},
	howpublished = {Manuscript},
	year = 2011
} 

@inproceedings{DFHK+12,
	author = {D. Dolev and D. G. Feitelson and J. Y. Halpern and R. Kupferman and N. Linial},
	title = {No justified complaints: On fair sharing of multiple resources},
	booktitle = proc # {3rd} # itcs,
	year = 2012,
	note = {Forthcoming}
} 

@inproceedings{DFMN12,
	author = {E. Dokow and M. Feldman and R. Meir and I. Nehama},
	title = {Mechanism design on discrete lines and cycles},
	booktitle = proc # {13th} # ec,
	pages = {423--440},
	year = 2012
}

@inproceedings{DFP08,
	author = {O. Dekel and F. Fischer and A. D. Procaccia},
	title = {Incentive Compatible Regression Learning},
	booktitle = proc # {19th} # soda,
	pages = {277--286},
	year = 2008
}

@article{DFP10,
	author = {O. Dekel and F. Fischer and A. D. Procaccia},
	title = {Incentive Compatible Regression Learning},
	journal = {Journal of Computer and System Sciences},
	volume = 76,
	number = 8,
	pages = {759--777},
	year = 2010
}

@article{DFP10b,
	author = {O. Dekel and F. Fischer and A. D. Procaccia},
	title = {Incentive Compatible Regression Learning},
	journal = {Journal of Computer and System Sciences},
	volume = 76,
	number = 8,
	pages = {759--777},
	year = 2010,
	note = {Preliminary version in SODA'08.}
}

@inproceedings{DG10,
	author = {S. Dughmi and A. Ghosh},
	title = {Truthful Assignment Without Money},
	year = 2010,
	booktitle = proc # {11th} # ec,
	pages = {325--334}
}

@article{DJL02,
	author = {B. Dutta and M. O. Jackson and M. {Le Breton}},
	title = {Voting by Successive Elimination and Strategic Candidacy},
	journal = {Journal of Economic Theory},
	volume = 103,
	pages = {190--218},
	year = 2002
}

@inproceedings{DK04,
	author = {A. Davenport and J. Kalagnanam},
	title = {A Computational Study of the {K}emeny Rule for Preference Aggregation},
	booktitle = proc # {19th} # aaai,
	pages = {697--702},
	year = 2004
}

@inproceedings{DKNS01,
    author = {C. Dwork and R. Kumar and M. Naor and D. Sivakumar},
    title = {Rank aggregation methods for the Web},
    booktitle = proc # {10th} # www,
    pages = {613-622},
    year = 2001  
}

@inproceedings{DKS89,
	author = {A. Demers and S. Keshav and S. Shenker},
	title = {Analysis and simulation of a fair queueing algorithm},
	booktitle = proc # sigcomm,
	pages = {1--12},
	year = 1989
}

@article{DM09,
	author = {D. Monderer and M. Tennenholtz},
	title = {Strong mediated equilibrium},
	journal = {Artificial Intelligence},
	volume = 173,
	number = 1,
	pages = {180--195},
	year = 2009
}

@inproceedings{DMW10,
	author = {P. Dai and Mausam and D. S. Weld},
	title = {Decision-Theoretic Control of Crowd-Sourced Workflows},
	booktitle = proc # {24th} # aaai,
	pages = {1168--1174},
	year = 2010
}

@inproceedings{DNS06,
 	author = {S. Dobzinski and N. Nisan and M. Schapira},
 	title = {Truthful Randomized Mechanisms for Combinatorial Auctions},
 	booktitle = proc # {38th} # stoc,
 	pages = {644--652},
 	year = 2006
 }

@inproceedings{DP08,
	author = {S. Dobzinski and A. D. Procaccia},
	title = {Frequent Manipulability of Elections: The Case of Two Voters},
	year = 2008,
	booktitle = proc # {4th} # wine,
	pages = {653--664}
}

@inproceedings{DPS12,
	author = {J. P. Dickerson and A. D. Procaccia and T. Sandholm},
	title = {Optimizing kidney exchange with transplant chains: Theory and reality},
	booktitle = proc # {11th} # aamas,
	pages = {711-718},
	year = 2012
}

@inproceedings{DPS12b,
	author = {J. P. Dickerson and A. D. Procaccia and T. Sandholm},
	title = {Dynamic Matching via Weighted Myopia with Application to Kidney Exchange},
	booktitle = proc # {26th} # aaai,
	pages = {1340--1346},
	year = 2012
}

@misc{DQS09,
	author = {X. Deng and Q. Qi and A. Saberi},
	title = {On the Complexity of Envy-Free Cake Cutting},
	howpublished = {CoRR abs/0907.1334},
	year = 2009
}

@article{DS61,
	author = {L. E. Dubins and E. H. Spanier},
	title = {How to cut a cake fairly},
	journal = {American Mathematical Monthly},
	volume = 68,
	number = 1,
	pages = {1--17},
	year = 1961
}

@article{DS93,
	author = {B. Dutta and A. Sen},
	title = {Implementing Generalized {C}ondorcet Social Choice Functions via Backward Induction},
	journal = {Social Choice and Welfare},
	volume = 10,
	year = 1993,
	pages = {149--160}
}

@inproceedings{DT07,
	author = {C. D\"urr and N. K. Thang},
	title = {Nash equilibria in {V}oronoi games on graphs},
	booktitle = proc # {15th} # esa,
	pages = {17--28},
	year = 2007
}


%E

@book{Ed87,
	author = {H. Edelsbrunner},
	title = {Algorithms in Combinatorial Geometry},
	year = 1987,
	series = {EATCS Monographs on Theoretical Computer Science},
	volume = 10,
	publisher = {Springer}
}

@inproceedings{EFS09,
	author = {E. Elkind and P. Faliszewski and A. Slinko},
	title = {On Distance Rationalizability of Some Voting Rules},
	booktitle = proc # {12th} # tark,
	pages = {108--117},
	year = 2009
}

@inproceedings{EFS09b,
  author = {E. Elkind and P. Faliszewski and A. Slinko},
  title = {Swap Bribery},
  booktitle = proc # {2nd} # sagt,
  year = 2009,
  pages = {299--310}
}

@inproceedings{EFS10,
	author = {E. Elkind and P. Faliszewski and A. Slinko},
	title = {On the role of distances in defining voting rules},
	booktitle = proc # {9th} # aamas,
	pages = {375--382},
	year = 2010
}

@inproceedings{EFS10b,
	author = {E. Elkind and P. Faliszewski and A. Slinko},
	title = {Good Rationalizations of Voting Rules},
	booktitle = proc # {24th} # aaai,
	pages = {774--779},
	year = 2010
}

@incollection{EHRS07,
	author={G. Erd\'elyi and L. A. Hemaspaandra and J. Rothe and H. Spakowski},
	title={On Approximating Optimal Weighted Lobbying, and Frequency of Correctness versus Average-Case Polynomial Time},
	booktitle = {Fundamentals of Computation Theory},
	pages = {300--311},
	publisher = {Springer-Verlag},
	series = lncs,
	volume = 4639,
	year={2007}
}

@article{EHRS09,
	author = {G. Erd\'elyi and L. A. Hemaspaandra and J. Rothe and H. Spakowski},
	title = {Generalized juntas and {NP}-hard sets},
	journal = {Theoretical Computer Science},
	volume = 410,
	number = {38--40},
	pages = {3995--4000},
	year = 2009
}

@inproceedings{EL05,
	author = {E. Elkind and H. Lipmaa},
	title = {Hybrid Voting Protocols and Hardness of Manipulation},
	booktitle = proc # {16th} # isaac,
	pages = {206--215},
	year = 2005
}
	
@incollection{EL05b,
	author = {E. Elkind and H. Lipmaa},
	title = {Small Coalitions Cannot Manipulate Voting},
	booktitle = {Financial Cryptography and Data Security},
	publisher = {Springer-Verlag},
	series = lncs,
	volume = 3570,
	pages = {285--297},
	year = 2005
	
}

@article{EP84,
	author = {S. Even and A. Paz},
	title = {A note on cake-cutting},
	journal = {Discrete Applied Mathematics},
	volume = 7,
	pages = {285--296},
	year = 1984
}

@inproceedings{EP06,
	author = {J. Edmonds and K. Pruhs},
	title = {Cake cutting really is not a piece of cake},
	booktitle = proc # {17th} # soda,
	pages = {271--278},
	year = 2006
}

@inproceedings{EP06b,
	author = {J. Edmonds and K. Pruhs},
	title = {Balanced allocations of cake},
	booktitle = proc # {47th} # focs,
	pages = {623--634},
	year = 2006
}

@inproceedings{ER91,
	author = {E. Ephrati and J. S. Rosenschein},
	title = {The {Clarke Tax} as a Consensus Mechanism Among Automated Agents},
	booktitle = proc # {9th} # aaai,
	pages = {173--178},
	year = 1991,
	note = {Journal version appeared in AMAI 20:13--67, 1997}
}


@article{ER97,
	author = {E. Ephrati and J. S. Rosenschein},
	title = {A Heuristic Technique for Multiagent Planning},
	journal = {Annals of Mathematics and Artificial Intelligence},
	volume = 20,
	year = 1997,
	pages = {13--67},
}

@inproceedings{ESS04,
	author = {E. Elkind and A. Sahai and K. Steiglitz},
	title = {Frugality in Path Auctions},
	booktitle = proc # {15th} # soda,
	pages = {701--709},
	year = 2004
}

%F

@inproceedings{Fal08,
	author = {P. Faliszewski},
	title = {Nonuniform Bribery},
	booktitle = proc # {7th} # aamas,
	year = 2008,
	pages = {1569--1572}
}

@book{Far69,
	author = {R. Farquharson},
	title = {Theory of Voting},
	year = 1969,
	publisher = {Yale University Press}
}	

@article{Fei98,
	author = {U. Feige},
	title = {A Threshold of $\ln n$ for Approximating Set Cover},
	journal = {Journal of the ACM},
	volume = 45,
	number = 4,
	pages = {643--652},
	year = 1998
}

@inproceedings{Fei99,
	author = {U. Feige},
	title = {Noncryptographic selection protocols},
	booktitle = proc # {40th} # focs,
	pages = {142--152},
	year = 1999
}

@inbook{Fel68,
	author = {W. Feller},
	title = {Introduction to Probability Theory and its Applications},
	pages = 254,
	volume = 1,
	edition = {3rd},
	publisher = {Wiley},
	year = 1968
}

@article{Fill91,
	author = {J. A. Fill},
	title = {Eigenvalue Bounds on Convergence to Stationarity for Nonreversible {M}arkov Chains, with an Application to the Exclusion Process},
	journal = {The Annals of Applied Probablity},
	volume = 1,
	number = 1,
	year = 1991,
	pages = {62--87}
}

@article{Fish74,
	author = {P. C. Fishburn},
	title = {Paradoxes of Voting},
	journal = {American Political Science Review},
	volume = 68,
	number = 2,
	pages = {537-546},
	year = 1974
}

@article{Fish77,
	author = {P. C. Fishburn},
	title = {{C}ondorcet Social Choice Functions},
	journal = {SIAM Journal on Applied Mathematics},
	volume = 33,
	number = 3,
	pages = {469--487},
	year = 1977
}

@article{Fol67,
	author = {D. Foley},
	title = {Resource allocation and the public sector},
	journal = {Yale Economics Essays},
	volume = 7,
	pages = {45--98},
	year = 1967
}

@inproceedings{FFHK05,
	author = {U. Feige and A. Flaxman and J. D. Hartline and R. Kleinberg},
	title = {On the Competitive Ratio of the Random Sampling Auction },
	booktitle = proc # {1st} # wine,
	pages = {878--886},
	year = 2005
}

@inproceedings{FGHK02,
	author = {A. Fiat and A. V. Goldberg and J. D. Hartline and A. R. Karlin},
	title = {Competitive generalized auctions},
	booktitle = proc # {34th} # stoc,
	pages = {72--81},
	year = 2002
}

@misc{FGSS11,
	author = {E. J. Friedman and A. Ghodsi and S. Shenker and I. Stoica},
	title = {Strategyproofness, {L}eontief Economies and the {K}alai-{S}morodinsky Solution},
	howpublished = {Manuscript},
	year = 2011
}
	
@inproceedings{FHH06,
	author = {P. Faliszewski and E. Hemaspaandra and and L. A. Hemaspaandra},
	title = {The Complexity of Bribery in Elections},
	booktitle = proc # {21st} # aaai,
	pages = {641--646},
	year = 2006
}

@article{FHH09,
  author = {P. Faliszewski and E.~Hemaspaandra and L.~Hemaspaandra},
  title = {How Hard is Bribery in Elections?},
  journal = {Journal of Artificial Intelligence Research},
  year = 2009,
  volume = 35,
  pages = {485--532},
}

@article{FHH10,
	author = {P. Faliszewski and E.~Hemaspaandra and L.~Hemaspaandra},
	title = {Using complexity to protect elections},
	journal = {Communications of the ACM},
	volume = 53,
	number = 11,
	pages = {74--82},
	year = 2010
}

@inproceedings{FHHJ07,
	author = {P. Faliszewski and E. Hemaspaandra and L. A. Hemaspaandra and J. Rothe},
	title = {{L}lull and {C}opeland Voting Broadly Resist Bribery and Control},
	booktitle = proc # {22nd} # aaai,
	pages = {724--730},
	year = 2007
}

@inproceedings{FHHJ08,
	author = {P. Faliszewski and E. Hemaspaandra and L. A. Hemaspaandra and J. Rothe},
	title = {Copeland Voting Fully Resists Constructive Control},
	booktitle = proc # {4th} # aaim,
	year = 2008,
	pages = {165--176}
}

@article{FHHJ09,
	author = {P. Faliszewski and E. Hemaspaandra and L. A. Hemaspaandra and J. Rothe},
	title = {{L}lull and {C}opeland Voting Computationally Resist Bribery and Constructive Control},
	journal = {Journal of Artificial Intelligence Research},
	volume = 35,
	pages = {275--341},
	year = 2009
}

@inproceedings{FHHJ09b,
	author = {"P. Faliszewski and E. Hemaspaandra and L. Hemaspaandra and J. Rothe},
  title = {The Shield that Never Was: Societies with Single-Peaked Preferences are More Open to Manipulation and Control},
  year = 2009,
  booktitle = proc # {12th} # tark,
  pages = {118--127}
}

@inproceedings{FHS08,
	author = {P. Faliszewski and E. Hemaspaandra and and H. Schnoor},
	title={Copeland Voting: Ties Matter},
	booktitle = proc # {7th} # aamas,
	year = 2008,
	pages = {983--990}
}

@inproceedings{FHS10,
	author = {P. Faliszewski and E. Hemaspaandra and H. Schnoor},
	title={Manipulation of {C}opeland elections},
	booktitle = proc # {9th} # aamas,
	year = 2010,
	pages = {367--374}
}

@article{FHW80,
	author = {S. Fortune and J. E. Hopcroft and J. Wyllie},
 	title = {The Directed Subgraph Homeomorphism Problem},
 	journal = {Theoretical Computer Science},
 	volume = 10,
 	year = 1980,
 	pages = {111-121},
}

@inproceedings{FJS10,
	author = {J. Feigenbaum and A. D. Jaggard and M. Schapira},
	title = {Approximate privacy: Foundations and quantification},
	booktitle = proc # {11th} # ec,
	pages = {167--178},
	year = 2010
}

@inproceedings{FKN08,
	author = {E. Friedgut and G. Kalai and N. Nisan},
	title = {Elections Can be Manipulated Often},
	year = 2008,
	booktitle = proc # {49th} # focs,
	pages = {243--249}
}

@article{FP10,
	author = {P. Faliszewski and A. D. Procaccia},
	title = {{AI}'s war on manipulation: Are we winning?},
	journal = {AI Magazine},
	volume = 31,
	number = 4,
	pages = {53--64},
	year = 2010
}

@inproceedings{FPS09,
	author = {F. Fischer and A. D. Procaccia and A. Samorodnitsky},
	title = {A New Perspective on Implementation by Voting Trees},
	booktitle = proc # {10th} # ec,
	year={2009},
	note = {To appear}
}

@article{FPS11,
	author = {F. Fischer and A. D. Procaccia and A. Samorodnitsky},
	title = {A New Perspective on Implementation by Voting Trees},
	journal = {Random Structures \& Algorithms},
	volume = 39,
	number = 1,
	pages = {59--82},
	year = 2011
}

@article{FRMW96,
	author = {R. Forsythe and T. Rietz and R. Myerson and R. Weber},
	title = {An experimental study of voting rules and polls in three-candidate elections },
	journal = {International Journal of Game Theory},
	volume = 25,
	number = 3,
	pages = {355--383},
	year = 1996
}

@incollection{FRS07,
  author = {E. Friedman and P. Resnick and R. Sami},
  title = {Manipulation-resistant reputation systems},
  editor = {N. Nisan and T. Roughgarden and \'E. Tardos and V. Vazirani},
  booktitle = {Algorithmic Game Theory},
  publisher = {Cambridge University Press},
  year = 2007,
  chapter = 27,
}

@inproceedings{FT10,
	author = {D. Fotakis and C. Tzamos},
	title = {Winner-Imposing Strategyproof Mechanisms for Multiple Facility Location Games},
	year = 2010,
	booktitle = proc # {6th} # wine,
	pages = {234--245}
}

@article{FV86,
  author = {M. A. Fligner and J. S. Verducci},
  title = {Distance based ranking models},
  journal = {Journal of the Royal Statistical Society B},
	volume = 48,
	number = 3,
  pages = {359 -- 369},
  year = 1986
}

%G

@book{Gard78,
	author = {M. Gardner},
	title = {Aha! Insight},
	publisher = {W. H. Freeman and Company},
	year = 1978
}

@article{Gib73,
	author = {A. Gibbard},
	title = {Manipulation of Voting Schemes},
	journal = {Econometrica},
	volume = 41,
	pages = {587--602},
	year = 1973
}

@article{Gib77,
	author = {A. Gibbard},
	title = {Manipulation of schemes that mix voting with chance},
	journal = {Econometrica},
	volume = 45,
	pages = {665--681},
	year = 1977
}

@article{Grov73,
  author = {T. Groves},
  title = {Incentives in Teams},
  journal = {Econometrica},
  volume = 41,
  year = 1973,
  pages = {617--631}
}

@inproceedings{GC10,
	author = {M. Guo and V. Conitzer},
	title = {Strategy-proof Allocation of Multiple Items between Two Agents without Payments or Priors},
	booktitle = proc # {9th} # aamas,
	year = 2010,
	pages = {881--888}
}

@inproceedings{GCR09,
	author = {M. Guo and V. Conitzer and D. Reeves},
	title = {Competitive Repeated Allocation Without Payments},
	booktitle = proc # {5th} # wine,
	pages = {244--255},
	year = 2009
}

@inproceedings{GH03,
	author = {A. V. Goldberg and J. D. Hartline},
	title = {Envy-free auctions for digital goods}, 
	booktitle = proc # {4th} # ec,
	pages = {29--35},
	year = 2003
}
	
@article{GHKS+06,
	author = {A. V. Goldberg and J. D. Hartline and A. R. Karlin and M. Saks and A. Wright},
	title = {Competitive Auctions},
	journal = {Games and Economic Behavior},
	volume = 55,
	pages = {242--269},
	year = 2006
}

@book{GJ79,
	author = {M. R. Garey and D. S. Johnson},
	title = {Computers and Intractability: a Guide to the Theory of {NP}-Completeness},
	publisher = {W. H. Freeman and Company},
	year = {1979}
}

@article{GKPV03,
	author = {C. Guestrin and D. Koller and R. Parr and S. Venkataraman},
	title = {Efficient solution algorithms for factored {MDP}s},
	journal = {Journal of Artificial Intelligence Research},
	volume = 19,
	pages = {399--468},
	year = 2003
}
	
@inproceedings{GMHS99,
	author = {S. Ghosh and M. Mundhe and K. Hernandez and S. Sen},
	title = {Voting for Movies: The Anatomy of a Recommender System},
	booktitle = proc # {3rd} # agents,
	pages = {434--435},
	year = 1999
}

@inproceedings{GN12,
	author = {A. Gutman and N. Nisan},
	title = {Fair allocation without trade},
	booktitle = proc # {11th} # aamas, 
	year = 2012,
	pages = {719--728}
}

@book{GS58,
	author = {G. Gamow and M. Stern},
	title = {Puzzle-Math},
	publisher = {Viking},
	year = 1958
}

@article{GS62,
	author = {D. Gale and L. S. Shapley},
	title = {College Admissions and the Stability of Marriage},
	journal = {Americal Mathematical Monthly},
	volume = 69,
	number = 1,
	pages = {9--15},
	year = 1962
}

@article{GS95,
    author = {S. A. Goldman and R. H. Sloan},
    title = {Can {PAC} Learning Algorithms Tolerate Random Attribute Noise?},
    journal = {Algorithmica},
    volume = 14,
    number = 1,
    pages = {70--84},
    year = 1995
}

@inproceedings{GSZS12,
	author = {A. Ghodsi and V. Sekar and M. Zaharia and I. Stoica},
	title = {Multi-resource fair queueing for packet processing},
	booktitle = proc # sigcomm,
	pages = {1--12},
	year = 2012
}

@inproceedings{GZHK+11,
	author = {A. Ghodsi and M. Zaharia and B. Hindman and A. Konwinski and S. Shenker and I. Stoica},
	title = {Dominant Resource Fairness: Fair Allocation of Multiple Resource Types},
	booktitle = proc # {8th} # nsdi,
	pages = {24--37},
	year = 2011
}

%H


@article{Hak65,
	author = {S. L. Hakimi},
	title = {Optimal distribution of switching centers in a communications network and some related graph theoretic problems},
	journal = {Operations Research},
	volume = 13,
	pages = {462--475},
	year = 1965
}

@article{Harr85,
	author = {C. Harris},
	title = {Existence and Characterization of Perfect Equilibrium in Games of Perfect Information},
	journal = {Econometrica},
	volume = 53,
	number = 3,
	pages = {613--628},
	year = 1985
}

@article{Hauss92,
	author = {D. Haussler},
	title = {Decision theoretic generalization of the {PAC} model for neural net and other learning applications},
	journal = {Information and Computation},
	volume = 100,
	number = 1,
	pages = {78--150},
	year = 1992
}

@article{Hod80,
	author = {R. L. Hodgart},
	title = {Optimizing access to public facilities: A review of problems, models and methods of locating central facilities},
	journal = {Progress in Human Geography},
	volume = 2,
	number = 1,
	pages = {17--48},
	year = 1980
}

@article{Hoeff63,
	author = {W. Hoeffding},
	title = {Probability inequalities for sums of bounded random variables},
	journal = {Journal of the American Statistical Association},
	volume = 58,
	number = 301,
	pages = {13--30},
	year = 1963
}

@misc{Hill08,
	author = {T. P. Hill},
	title = {Cutting Cakes Correctly},
	howpublished = {Manuscript},
	year = 2008
}

@article{Holz90,
	author = {R. Holzman},
	title = {An Axiomatic Approach to Location on Networks},
	journal = {Mathematics of Operations Research},
	volume = 15,
	number = 3,
	pages = {553--563},
	year = 1990
}

@article{Hud04,
	author = {O. Hudry},
	title = {A Note on ``{B}anks Winners in Tournaments are Difficult to Recognize'' by {G}. {J}. {W}oeginger},
	journal = {Social Choice and Welfare},
	volume = 23,
	pages = {113--114},
	year = 2004
}

@techreport{Hud06,
	author = {O. Hudry},
	title = {Improvements of a Branch and Bound Method to Compute the {S}later Orders of Tournaments},
	institution = {ENST},
	year = {2006}
}

@inproceedings{HAKW08,
	author = {N. Hazon and Y. Aumann and S. Kraus and M. Wooldridge},
	title = {Evaluation of election outcomes under uncertainty},
	booktitle = proc # {7th} # aamas,
	pages = {959--966},
	year = 2008
}

@article{HGG09,
	author = {J. Huang and C. Guestrin and J. Guibas},
	title = {Fourier Theoretic Probabilistic Inference over Permutations},
	journal = {Journal of Machine Learning Research},
	volume = 10,
	pages = {997--1070},
	year = 2009
}

@inproceedings{HH06,
	author = {C. Homan and L. A. Hemaspaandra},
	title={Guarantees for the Success Frequency of an Algorithm for Finding {D}odgson Election Winners},
	booktitle = proc # {31st} # mfcs,
	year = 2006,
	pages = {528--539}
}

@article{HH07,
	author = {E. Hemaspaandra and L. A. Hemaspaandra},
	title = {Dichotomy for Voting Systems},
	journal = {Journal of Computer and System Sciences},
	volume = 73,
	number = 1,	
	pages = {73--83},
	year = 2007
}

@article{HH09,
  author = {C. Homan and L. A. Hemaspaandra},
  title = {Guarantees for the success frequency of an algorithm for finding {D}odgson election winners},
  journal = {Journal of Heuristics},
  volume = 15,
  number = 4,      
  pages = {403--423},
  year = 2009
}

@article{HHJ97,
	author = {E. Hemaspaandra and L. A. Hemaspaandra and J. Rothe},
	title = {Exact analysis of {D}odgson elections: {L}ewis {C}arroll's 1876 voting system is complete for parallel access to {NP}},
	journal = {Journal of the ACM},
	volume = 44,
	number = 6, pages = {806--825},
	year = 1997
}

@article{HHJ07,
	author = {E. Hemaspaandra and L. A. Hemaspaandra and J. Rothe},
	title = {Anyone but him: The complexity of precluding an alternative},
	journal = {Artificial Intelligence},
	volume = 171,
	number = {5--6},
	pages = {255--285},
	year = 2007
}

@inproceedings{HHJ07b,
	author = {E. Hemaspaandra and L. A. Hemaspaandra and J. Rothe},
	title = {Hybrid Elections Broaden Complexity-Theoretic Resistance to Control},
	booktitle = proc # {20th} # ijcai,
	year = 2007,
	pages = {1308--1314}
}

@article{HHR97,
	author = {E. Hemaspaandra and L. A. Hemaspaandra and J. Rothe},
	title = {Exact analysis of {D}odgson elections: {L}ewis {C}arroll's 1876 voting system is complete for parallel access to {NP}},
	journal = {Journal of the {ACM}},
	volume = 44,
	number = 6,
	year = 1997,
	pages = {806--825}
}

@article{HKDMT04,
	title = {Bundling equilibrium in combinatorial auctions},
	author = {R. Holzman and N. Kfir-Dahav and D. Monderer and M. Tennenholtz},
	journal = {Games and Economic Behavior},
	volume = 47,
	pages = {104--123},
	year = 2004
}

@article{HS92,
	author = {M. Herrero and S. Srivastava},
	title = {Decentralization by Multistage Voting Procedures},
	journal = {Journal of Economic Theory},
	volume = 56,
	pages = {182--201},
	year = 1992
}

@inproceedings{HSAN97,
	author = {T. Haynes and S. Sen and N. Arora and R. Nadella},
	title = {An Automated Meeting Scheduling System that Utilizes User Preferences},
	booktitle = proc # {1st} # agents,
	pages = {308--315},
	year = 1997
}


@article{HT81,
	author = {P. Hansen and J.-F. Thisse},
	title = {Outcomes of voting and planning: {C}ondorcet, {W}eber and {R}awls locations},
	journal = {Journal of Public Economics},
	volume = 16,
	pages = {1--15},
	year = 1981
}

@inproceedings{HY11,
	author = {J. Hartline and Q. Yan},
	title = {Envy, truth, and profit},
	booktitle = proc # {12th} # ec,
	pages = {243--252},
	year = 2011
}

%I

@inproceedings{IKM10,
	author = {M. Isaksson and G. Kindler and E. Mossel},
	title = {The Geometry of Manipulation -- a Quantitative Proof of the {G}ibbard {S}atterthwaite {T}heorem},
	year = 2010,
	booktitle = proc # {51st} # focs,
	pages = {319--328}
}

@inproceedings{IKMW07,
  author = {N. Immorlica and J. M. Kleinberg and M. Mahdian and T. Wexler},
  title = {The role of compatibility in the diffusion of technologies through social networks},
  booktitle = proc # {8th} # ec,
  year = 2007,
  pages = {75-83},
}


%J

@book{JKCR84,
  title={The representation theory of the symmetric group},
  author={G. D. James and A. Kerber and P. M. Cohn and G. {de} B. Robinson},
  volume={16},
  year={1984},
  publisher={Cambridge University Press}
}

@book{JLR00,
	author = {S. Janson and T. Luczak and R. Rucinski},
	title = {Random Graphs},
	publisher = {Wiley},
	year = 2000
}

@article{JS68,
	author = {K. Jogdeo and S. Samuels},
	title = {Monotone convergence of binomial probabilities and a generalization of {R}amanujan's equation},
	journal = {Annals of Mathematical Statistics},
	volume = 39,
	year = 1968,
	pages = {1191--1195}
}

@article{JS89,
	author = {M. Jerrum and A. Sinclair},
	title = {Approximating the Permanent},
	journal = {SIAM Journal on Computing},
	volume = 18,
	year = 1989,
	pages={1149--1178}
}

@article{JS07,
	author = {M. O. Jackson and H. F. Sonnenschein},
	title = {Overcoming Incentive Constraints by Linking Decisions},
	journal = {Econometrica},
	volume = 75,
	pages = {241--257}, 
	year = 2007
}

%K

@article{Kal02,
	author = {G. Kalai},
	title = {A {F}ourier-theoretic perspective on the {C}ondorcet paradox and {A}rrow's theorem},
	journal = {Advances in Applied Mathematics},
	volume = 29,
	number = 3,
	pages = {412--426},
	year = 2002
}

@article{Kal03,
	author = {G. Kalai},
	title = {Learnability and Rationality of Choice},
	journal = {Journal of Economic Theory},
	year = 2003,
	volume = 113,
	number = 1,
	pages = {104--117}
}

@article{Khach79,
	author = {L. Khachiyan},
	title = {A polynomial algorithm in linear programming},
	journal = {Soviet Mathematics Doklady},
	volume = 20,
	pages = {191--194},
	year = 1979
}

@inproceedings{King88,
	author = {V. King},
	title = {Lower Bounds on the Complexity of Graph Properties},
	booktitle = proc # {20th} # stoc,
	year = 1988,
	pages = {468-476}
}

@article{Klam04,
	author = {C. Klamler},
	title = {The {D}odgson ranking and its relation to {K}emeny's method and {S}later's rule},
	journal = {Social Choice and Welfare},
	year = 2004,
	pages = {91--102},
	volume = 23,
	number = 1
}

@inproceedings{KKT03,
	author = {D. Kempe and J. M. Kleinberg and \'E. Tardos},
	title = {Maximizing the Spread of Influence through a Social Network},
	booktitle = proc # {9th} # kdd,
	pages = {137--146},
	year = 2003
}

@article{KL93,
	author = {M. Kearns and M. Li},
	title = {Learning in the Presence of Malicious Errors},
	journal = {SIAM Journal on Computing},
	volume = 22,
	number = 4,
	pages = {807--837},
	year = 1993
}

@inproceedings{KL05,
	author = {K. Konczak and J. Lang},
	title = {Voting Procedures with Incomplete Preferences},
	booktitle = proc # {2nd} # mpref,
	year = 2005
}

@book{KN96,
	author = {E. Kushilevitz and N. Nisan},
	title = {Communication Complexity},
	publisher = {Cambridge University Press},
	year = 1996
}

@inproceedings{Kout11,
	author = {E. Koutsoupias},
	title = {Scheduling without Payments},
	booktitle = proc # {4th} # sagt,
	pages = {143--153},
	year = 2011
}

@misc{KLP13,
	author = {D. Kurokawa and J. K. Lai and A. D. Procaccia},
	title = {How to cut a cake before the party ends},
	howpublished = {Manuscript},
	year = 2013
}

@article{KS06,
	author = {A. Katta and J. Sethuraman},
	title = {A Solution to the Random Assignment Problem on the Full Preference Domain},
	journal = {Journal of Economic Theory},
	volume = 131,
	pages = {231--250},
	year = 2006
}

@inproceedings{KS07,
	title = {How to Rank with Few Errors},
	author = {C. Kenyon-Mathieu and W. Schudy},
	booktitle = proc # {39th} # stoc,
	pages = {95--103},
	year = 2007
}

@book{KHS93,
  title={Representations of the Crystallographic Space Groups: Irreducible Representations, Induced Representations, and Corepresentations},
  author={Kovalev, O. V. and Stokes, H. T. and Hatch, D. M.},
  year={1993},
  publisher={Gordon and Breach Science}
}

@article{KSM06,
	author = {M. Kearns and S. Suri and N. Montfort},
	title = {An Experimental Study of the Coloring Problem on Human Subject Networks},
	journal = {Science},
	volume = 313,
	number = 5788,
	pages = {824--827},
	year = 2006
}

@article{KSS84,
	author = {J. Kahn and M. Saks and D. Sturtevant},
	title = {A Topological Approach to Evasiveness},
	journal = {Combinatorica},
	volume = 4,
	year = 1984,
	pages = {297--306}
}

@article{KT12,
	author = {Alexander S. Kleshchev and Pham Huu Tiep},
	title = {Small-dimensional projective representations of symmetric and alternating groups},
	journal = {Algebra and Number Theory Journal},
	volume = 6,
	issue = 8,
	year = 2012,
	pages = {1773â1816}
}
	

@book{KV94,
	author = {M. J. Kearns and U. V. Vazirani},
	title = {An Introduction to Computational Learning Theory},
	publisher = {MIT Press},
	year = 1994
}

%L

@article{Lab85,
	author = {M. Labb\'e},
	title = {Outcomes of voting and planning in single facility location problems},
	journal = {European Journal of Operations Research},
	volume = 20,
	pages = {299--313},
	year = 1985
}

@article{Lang04,
	author = {J. Lang},
	title = {Logical Preference Representation and Combinatorial Vote},
	journal = {Annals of Mathematics and Artificial Intelligence},
	volume = 42,
	number = 1,
	pages = {37--71},
	year = 2004
}

@inproceedings{Lang07,
	author = {J. Lang},
	title = {Vote and Aggregation in Combinatorial Domains with Structured Preferences},
	booktitle = proc # {20th} # ijcai,
	pages = {1366--1371},
	year = 2007
}

@book{Las97,
	author = {J.-F. Laslier},
	title = {Tournament Solutions and Majority Voting},
	publisher = {Springer},
	year = 1997
}

@article{Len83,
	author = {H. W. Lenstra},
	title = {Integer Programming with a Fixed Number of Variables},
	journal = {Mathematics of Operations Research},
	year = 1983,
	volume = 8,
	pages={538--548}
}

@article{Litt88,
	author = {N. Littlestone},
	title = {Learning quickly when irrelevant attributes abound: A new linear-threshold algorithm},
	pages = {285--318},
	journal = {Machine Learning},
	year = 1988,
	volume = 2
}

@inproceedings{Litt91,
	author = {N. Littlestone},
	title = {Redundant Noisy Attributes, Attribute Errors, and Linear-Threshold Learning Using {W}innow},
	booktitle = proc # {4th} # colt,
	year = 1991,
	pages = {147--156}
}

@inproceedings{LB10,
	author = {T. Lu and C. Boutilier},
	title = {The unavailable candidate model: a decision-theoretic view of social choice},
	booktitle = proc # {11th} # ec,
	pages = {263--274},
	year = 2010
}

@inproceedings{LB11,
	author = {T. Lu and C. Boutilier},
	title = {Robust Approximation and Incremental Elicitation in Voting Protocols},
	booktitle = proc # {22nd} # ijcai,
	pages = {287--293},
	year = 2011
}

@inproceedings{LB11b,
	author = {T. Lu and C. Boutilier},
	title = {Learning {M}allows Models with Pairwise Preferences},
	booktitle = proc # {28th} # icml,
	pages = {145--152},
	year = 2011
}

@inproceedings{LCGM10,
	author = {G. Little and L. B. Chilton and M. Goldman and R. C. Miller},
	title = {Turkit: Human Computation Algorithms on {M}echanical {T}urk},
	booktitle = proc # {23rd} # uist,
	pages = {57--66},
	year = 2010
}

@inproceedings{LCGM10b,
	author = {G. Little and L. B. Chilton and M. Goldman and R. C. Miller},
	title = {Exploring Iterative and Parallel Human Computation Processes},
	booktitle = proc # {2nd} # hcomp,
	pages = {68--76},
	year = 2010
}

@inproceedings{LL02,
	author = {G. Lebanon and J. Lafferty},
  title = {Cranking: Combining rankings using conditional probability models on permutations},
  booktitle = proc # {9th} # icml,
  pages = {363 -- 370},
  year = 2002
}

@article{LLL94,
	author = {G. Laffond and J. F. Laslier and M. {Le Breton}},
	title = {The {C}opeland measure of {C}ondorcet choice functions},
	journal = {Discrete Applied Mathematics},
	year = 1994,
	volume = 55,
	pages = {273--279}
}

@inproceedings{LMM07,
	author = {R. LeGrand and E. Markakis and A. Mehta},
	title = {Some Results on Approximating the Minimax Solution in {A}pproval Voting},
	booktitle = proc # {6th} # aamas,
	pages = {1193--1195},
	year = 2007
}

@inproceedings{LMMS04,
	author = {R. J. Lipton and E. Markakis and E. Mossel and A. Saberi},
	title = {On approximately fair allocations of indivisible goods},
	booktitle = proc # {6th} # ec,
	pages = {125--131},
	year = 2004
}

@article{LOS02,
 author = {D. Lehmann and L. I. O'Callaghan and Y. Shoham},
 title = {Truth Revelation in Rapid, Approximately Efficient Combinatorial Auctions},
 journal = {Journal of the ACM},
 volume = 49,
 number = 5,
 year = 2002,
 pages = {577--602}
}

@book{LOT03,
	editor = {V. Lesser and C. L. Ortiz and M. Tambe},
	title = {Distributed Sensor Networks: A Multiagent Perspective},
	year = 2003,
	publisher = {Kluwer}
}

@inproceedings{LP04,
	author = {S. Lahaie and D. C. Parkes},
	title = {Applying Learning Algorithms to Preference Elicitation},
	booktitle = proc # {5th} # ec,
	year = 2004,
	pages = {180--188}
} 

@inproceedings{LPRV+07,
	author = {J. Lang and M.-S. Pini and F. Rossi and K. B. Venable and T. Walsh},
	title = {Winner Determination in Sequential Majority Voting},
	booktitle = proc # {20th} # ijcai,
	pages = {1372--1377},
	year = {2007}
}

@inproceedings{LR78,
	author = {A. S. LaPaugh and R. L. Rivest},
	title = {The subgraph homeomorphism problem},
	booktitle = proc # {10th} # stoc,
	pages = {40--50},
	year = 1978
}

@inproceedings{LR09,
	author = {C. Lindner and J. Rothe},
	title = {Degrees of Guaranteed Envy-Freeness in Finite Bounded Cake-Cutting Protocols},
	booktitle = proc # {5th} # wine,
	pages = {149--159},
	year = 2009
}

@inproceedings{LR12,
	author = {O. Lev and J. S. Rosenschein},
	title = {Convergence of iterative voting},
	booktitle = proc # {11th} # aamas,
	pages = {611--618},
	year = 2012
}

@inproceedings{LS04,
	author = {S. Leonardi and G. Sch\"afer},
	title = {Cross-monotonic cost-sharing methods for connected facility location},
	booktitle = proc # {5th} # ec,
	pages = {242--243},
	year = 2004
}

@inproceedings{LS05,
	author = {R. Lavi and C. Swami},
	title = {Truthful and near-optimal mechanism design via linear programming},
	booktitle = proc # {46th} # focs,
	pages = {595--604},
	year = 2005
}

@inproceedings{LS07,
	author = {R. Lavi and C. Swami},
	title = {Truthful mechanism design for multi-dimensional scheduling via cycle monotonicity},
	booktitle = proc # {8th} # ec,
	pages = {252--261},
	year = 2007
}

@inproceedings{LSZ08,
	author = {H. Levin and M. Schapira and A. Zohar},
	title = {Interdomain Routing and Games},
	booktitle = proc # {40th} # stoc,
	pages = {57--66},
	year = 2008
}

@inproceedings{LWZ09,
	author = {P. Lu and Y. Wang and Y. Zhou},
	title = {Tighter Bounds for Facility Games},
  booktitle = proc # {5th} # wine,
	year = 2009,
	pages = {137--148}
}

@inproceedings{LSWZ10,
	author = {P. Lu and X. Sun and Y. Wang and Z. A. Zhu},
	title = {Asymptotically Optimal Strategy-Proof Mechanisms for Two-Facility Games},
	booktitle = proc # {11th} # ec,
	year = 2010,
	pages = {315--324}
}

@book{LX81,
	author = {S. X. Levmore and E. E. Cook},
	title = {Super Strategies for Puzzles and Games},
	year = 1981,
	publisher = {Doubleday}
}

@misc{LX11,
	author = {J. Li and J. Xue},
	title = {Egalitarian division under {L}eontief preferences},
	howpublished = {Manuscript},
	year = 2011
}

%M

@article{Mall57,
	author = {C. L. Mallows},
	title = {Non-null ranking models},
	journal = {Biometrika},
	volume = 44,
	pages = {114--130},
	year = 1957
}

@article{Mask99,
	author = {E. Maskin},
	title = {Nash Equilibrium and Welfare Optimality},
	journal = {Review of Economic Studies},
	year = 1999,
	volume = 66,
	pages = {23--38},
	note = {First circulated in 1977}
}

@article{McGarvey53,
	author = {D. C. McGarvey},
	title = {A Theorem on the Construction of Voting Paradoxes},
	journal = {Econometrica},
	volume = 21,
	pages = {608--610},
	year = 1953
}

@mastersthesis{Meir08,
	author = {R. Meir},
	title = {Strategy Proof Classification},
	school={The Hebrew University of Jerusalem},
	year = 2008
}
%	note = {Available from:\\
%	\url{http://www.cs.huji.ac.il/~reshef24/spc.thesis.pdf}}
%	note = {Available from: http://www.cs.huji.ac.il/\verb+~+reshef24/spc.thesis.pdf}

@article{Mill80,
	author = {N. Miller},
	title = {A New Solution Set for Tournaments and Majority Voting: Further Graph Theoretical Approaches to the Theory of Voting},
	journal = {Americal Journal of Political Science},
	volume = 24,
	pages = {68--96},
	year = 1980
}

@phdthesis{Miy98,
	author = {E. Miyagawa},
	title = {Mechanisms for Providing a Menu of Public Goods},
	school = {University of Rochester},
	year = 1998
}	

@article{Miy01,
	author = {E. Miyagawa},
	title = {Locating Libraries on a Street},
	journal = {Social Choice and Welfare},
	volume = 18,
	number = 3,
	pages = {527--541},
	year = 2001
}

@article{Mon95,
	author = {B. L. Monroe},
	title = {Fully Proportional Representation},
	journal = {American Political Science Review},
	volume = 89,
	number = 4,
	pages = {925--940},
	year = 1995
}

@book{Moon68,
	author = {J. W. Moon},
	title = {Topics on Tournaments},
	publisher = {Holt, Reinhart and Winston},
	year = 1968
}

@article{Moul80,
	author = {H. Moulin},
	title = {On strategy-proofness and single-peakedness},
	journal = {Public Choice},
	volume = 35,
	pages = {437--455},
	year = 1980
} 

@book{Moul83,
	author = {H. Moulin},
	title = {The Strategy of Social Choice},
	year = 1983,
	publisher = {North-Holland},
	series = {Advanced Textbooks in Economics},
	volume = 18
}

@article{Moul84,
	author = {H. Moulin},
	title = {Generalized {C}ondorcet-Winners for Single Peaked and Single-Plateau Preferences},
	year = 1984,
	journal = {Social Choice and Welfare},
	volume = 1,
	number = 2,
	pages = {127--147}
}

@article{Moul86,
	author = {H. Moulin},
	title = {Choosing from a Tournament},
	journal = {Social Choice and Welfare},
	volume = 3,
	pages = {271--291},
	year = 1986
}

@book{Moul03,
	author = {H. Moulin},
	title = {Fair Division and Collective Welfare},
	publisher = {MIT Press},
	year = 2003
}

@inproceedings{MBK03,
	author = {M. Magdon-Ismail and C. Busch and M. S. Krishnamoorthy},
	title = {Cake cutting is not a piece of cake},
	booktitle = proc # {20th} # stacs,
	pages = {596--607},
	year = 2003
}

@inproceedings{MFP10,
	author = {T. Moore and A. Friedman and A. D. Procaccia},
	title = {Would a `Cyber Warrior' Protect Us? {E}xploring Trade-offs Between Attack and Defense of Information Systems},
	booktitle = proc # {19th} # nspw,
	year = 2010,
	note = {To appear}
}

@inproceedings{MMPS08,
	author = {M. Mavronicolas and B. Monien and V. G. Papadopoulou and F. Schoppmann},
	title = {Voronoi Games on Cycle Graphs},
	booktitle = proc # {33rd} # mfcs,
	pages = {503--514},
	year = 2008
}

@article{MN78,
	author = {R. D. McKelvey and R. G. Niemi},
	title = {A Multistage Game Representation of Sophisticated Voting for Binary Procedures},
	journal = {Journal of Economic Theory},
	volume = 18,
	pages = {1--22},
	year = 1978
}

@incollection{MN08,
	author = {T. Meskanen and H. Nurmi},
	title = {Closeness counts in social choice},
	editor = {M. Braham and F. Steffen},
	booktitle = {Power, Freedom, and Voting},
	publisher = {Springer-Verlag},
	year = 2008
}

@inproceedings{MN12,
	author = {A. Maya and N. Nisan},
	title = {Incentive Compatible Two Player Cake Cutting},
	booktitle = proc # {8th} # wine,
	pages = {170--183},
	year = 2012
}

@article{MO84,
	author = {R. D. McKelvey and P. C. Ordeshook},
	title = {An Experimental Study of the Effects of Procedural Rules on Committee Behavior},
	journal = {Journal of Politics},
	volume = 46, 
	number = 1,
	pages = {182--205},
	year = 1984
}

@article{MO03,
	author = {E. Mossel and R. O'Donnell},
	title = {On the noise sensitivity of monotone functions},
	journal = {Random Structures and Algorithms},
	volume = 23,
	number = 3,
	pages = {333--350},
	year = 2003
}

@inproceedings{MPC12,
	author = {A. Mao and A. D. Procaccia and Y. Chen},
	title = {Social Choice for Human Computation},
	booktitle = proc # {4th} # hcomp,
	year = 2012
}

@misc{MPC13,
	author = {A. Mao and A. D. Procaccia and Y. Chen},
	title = {Better Human Computation Through Principled Voting},
	howpublished = {Manuscript},
	year = 2013
}

@misc{MPPB12,
	author = {M. Meil\u{a} and K. Phadnis and A. Patterson and J. A. Bilmes},
  title = {Consensus ranking under the exponential model},
  howpublished = {arXiv:1206.5265},
  year = 2012
}

@article{MPS08,
  author = {J. C. McCabe-Dansted and G. Pritchard and A. M. Slinko},
  title = {Approximability of {D}odgson's rule},
  journal = {Social Choice and Welfare},
  volume = 31,
  number = 2,
  pages = {311-330},
  year = 2008
}

@inproceedings{MPR08,
	author = {R. Meir and A. D. Procaccia and J. S. Rosenschein},
	title = {A Broader Picture of the Complexity of Strategic Behavior in Multi-Winner Elections},
	booktitle = proc # {7th} # aamas,
	year = 2008,
	pages = {991--998}
}	

@inproceedings{MPR08b,
	author = {R. Meir and A. D. Procaccia and J. S. Rosenschein},
	title = {Strategyproof Classification Under Constant Hypotheses: A Tale of Two Functions},
	booktitle = proc # {23rd} # aaai,
	year = 2008,
	pages = {126--131}
}

@inproceedings{MPR09,
	author = {R. Meir and A. D. Procaccia and J. S. Rosenschein},
	title = {Strategyproof Classification with Shared Inputs},
	year = 2009,
	booktitle = proc # {21st} # ijcai,
	pages = {220--225}
}

@inproceedings{MPR10,
	author = {R. Meir and A. D. Procaccia and J. S. Rosenschein},
	title = {On the limits of dictatorial classification},
	year = 2010,
	booktitle = proc # {9th} # aamas,
	pages = {609--616}
}

@article{MPR12,
	author = {R. Meir and A. D. Procaccia and J. S. Rosenschein},
	title = {Algorithms for Strategyproof Classification},
	journal = {Artificial Intelligence},
	volume = 186,
	pages = {123--156},
	year = 2012
}

@article{MPR12b,
  title={A Smooth Transition from Powerlessness to Absolute Power},
  author={E. Mossel and A. D. Procaccia and M. Z. R{\'a}cz},
  journal={Journal of Artificial Intelligence Research},
  volume={48},
  pages={923--951},
  year={2013}
}

@inproceedings{MPRJ10,
	author = {R. Meir and M. Polukarov and J. S. Rosenschein and N. R. Jennings},
	title = {Convergence to equilibria in plurality voting},
	booktitle = proc # {24th} # aaai,
	pages = {823--828},
	year = 2010
}

@article{MPRZ08,
	author = {R. Meir and A. D. Procaccia and J. S. Rosenschein and A. Zohar},
	title = {Complexity of Strategic Behavior in Multi-Winner Elections},
	journal = {Journal of Artificial Intelligence Research},
	year = 2008,
	pages = {149--178},
	volume = 33
}

@inproceedings{MPS06,
	author = {J. C. McCabe-Dansted and G. Pritchard and A. M. Slinko},
	title = {Approximability of {D}odgson's rule},
	booktitle = proc # {1st} # comsoc,
	year = 2006,
	pages = {331--344}
}

@book{MR95,
	author = {R. Motwani and P. Raghavan},
	title = {Randomized Algorithms},
	publisher = {Cambridge University Press},
	year = 1995
} 

@misc{MR11,
	author = {M. Molinaro and R. Ravi},
	title = {The query-commit problem},
	howpublished = {CoRR abs/1110.0990},
	year = 2011
}

@book{MS77,
  title={The theory of error-correcting codes},
  author={MacWilliams, F. J. and Sloane, N. J. A.},
  volume={16},
  year={1977},
  publisher={Elsevier}
}

@article{MS94,
	author = {M. T. Marsh and D. A. Schilling},
	title = {Equity measurement in facility location analysis: A review and framework},
	journal = {European Journal of Operations Research},
	volume = 74,
	pages = {1--17},
	year = 1994
}

@article{MS96,
	author = {D. Monderer and L. S. Shapley},
	title = {Potential Games},
	journal = {Games and Economic Behavior},
	volume = 14,
	pages = {124--143},
	year = 1996
}

@article{MS02,
	author = {H. Moulin and R. Stong},
	title = {Fair Queuing and Other Probabilistic Allocation Methods},
	journal = {Mathematics of Operations Research},
	volume = 27,
	number = 1,
	pages = {1--30},
	year = 2002
}

@article{MS04,
	author = {D. Majumdar and A. Sen},
	title = {Bayesian Incentive Compatible Voting Rules},
	journal = {Econometrica},
	volume = 72,
	number = 2,
	pages = {523--540},
	year = 2004
}

@inproceedings{MT10,
	author = {E. Mossel and O. Tamuz},
	title = {Truthful fair division},
	booktitle = proc # {3rd} # sagt,
	pages = {288--299},
	year = 2010
}

%N

@article{Nash50,
	author = {J. F. Nash},
	title = {Equilibrium Points in {$N$}-Person Games},
	journal = {Proceedings of the National Academy of Sciences of the United States of America},
	volume = 36,
	pages = {48--49},
	year = 1950
}

@book{Nat91,
	author={B. K. Natarajan},
	title = {Machine Learning: A Theoretical Approach},
	year = 1991,
	publisher = {Morgan Kaufmann}
}

@article{Nico04,
	author = {A. Nicol\`o},
	title = {Efficiency and truthfulness with {L}eontief preferences. {A} note on two-agent, two-good economies},
	journal = {Review of Economic Design},
	volume = 8,
	number = 4,
	pages = {373--382},
	year = 2004
}

@incollection{Nis07,
  author = {N. Nisan},
  title = {Introduction to Mechanism Design (for Computer Scientists)},
  editor = {N. Nisan and T. Roughgarden and \'E. Tardos and V. Vazirani},
  booktitle = {Algorithmic Game Theory},
  publisher = {Cambridge University Press},
  year = 2007,
  chapter = 9,
}

@article{NR01,
	author = {N. Nisan and A. Ronen},
	title = {Algorithmic Mechanism Design},
	journal = {Games and Economic Behavior},
	year = 2001,
	volume = 35,
	number = {1--2},
	pages = {166--196}
}

@inproceedings{NS01,
	author = {S. W. Nuchia and S. Sen},
	title = {Improving Optimality of $n$ Agent Envy-Free Divisions},
	booktitle = proc # {8th} # atal,
	pages = {277--289},
	year = 2001
}

@misc{NST10,
	author = {K. Nissim and R. Smorodinsky and M. Tennenholtz},
	title = {Approximately Optimal Mechanism Design via Differential Privacy},
	year = 2010,
	howpublished = {Manuscript}
}

@inproceedings{NST12,
	author = {K. Nissim and R. Smorodinsky and M. Tennenholtz},
	title = {Approximately Optimal Mechanism Design via Differential Privacy},
	booktitle = proc # {3rd} # itcs,
	pages = {203--213},
	year = 2012,
}


@book{NTTV07,
  title = {Algorithmic Game Theory},
  editor = {N. Nisan and T. Roughgarden and \'E. Tardos and V. Vazirani},
  publisher = {Cambridge University Press},
  year = 2007,
}
	
@article{NWS02,
	author = {M. E. J. Newman and D. J. Watts and S. H. Strogatz},
	title = {Random graph models of social networks},
	journal = {Proceedings of the National Academy of Sciences},
	volume = 99,
	pages = {2566-2572},
	year = 2002
}

%O

@book{OR94,
	author = {M. J. Osborne and A. Rubinstein},
	title = {A Course in Game Theory},
	year = 1994,
	publisher = {MIT Press}
}

@inproceedings{OSB10,
	author = {A. Othman and T. Sandholm and E. Budish},
	title = {Finding approximate competitive equilibria: Efficient and fair course allocation},
	booktitle = proc # {9th } # aamas,
	pages = {873--880},
	year = 2010
}

@inproceedings{OT97,
	author = {K. Oflazer and G. T\"ur},
	title = {Morphological Disambiguation by Voting Constraints},
	booktitle = proc # {8th} # eacl,
	pages = {222--229},
	year = 1997
}

%P

@article{Pap79,
	author = {C. Papadimitriou},
	title = {Efficient search for rationals},
	journal = {Information Processing Letters},
	volume = 8,
	pages = {1--4},
	year = 1979
}

@incollection{Park07,
  author = {D. C. Parkes},
  title = {Online Mechanisms},
  editor = {N. Nisan and T. Roughgarden and \'E. Tardos and V. Vazirani},
  booktitle = {Algorithmic Game Theory},
  publisher = {Cambridge University Press},
  year = 2007,
  chapter = 16,
}

@article{Patt76,
	author = {P. K. Pattanaik},
	title = {Counter-threats and Strategic Manipulation under Voting Schemes},
	journal = {The Review of Economics Studies},
	volume = 43,
	number = 1,
	pages = {11--18},
	year = 1976
}

@article{Patt76b,
	author = {P. K. Pattanaik},
	title = {Threats, Counter-Threats, and Strategic Voting},
	journal = {Econometrica},
	volume = 44,
	number = 1,
	pages = {91--103},
	year = 1976
}

@book{Poll84,
	author = {D. Pollard},
	title = {Convergence of Stochastic Processes},
	publisher = springer,
	year = 1984
}

@article{Pro08,
	author = {A. D. Procaccia},
	title = {Towards a Theory of Incentives in Machine Learning},
	journal = {SIGecom Exchanges},
	volume = 7,
	number = 2,
	year = 2008
}

@article{Pro08b,
	author = {A. D. Procaccia},
	title = {A Note on the Query Complexity of the {C}ondorcet Winner Problem},
	journal = {Information Processing Letters},
	year = 2008,
	note = {To appear}
}

@phdthesis{Pro08c,
	author = {Ariel D. Procaccia},
	title = {Computational Voting Theory: Of the Agents, By the Agents, For the Agents},
	school = {The Hebrew University of Jerusalem},
	year = 2008
}

@inproceedings{Pro09,
	author = {A. D. Procaccia},
	title = {Thou Shalt Covet Thy Neighbor's Cake},
	booktitle = proc # {21st} # ijcai,
	pages = {239--244},
	year = 2009
}

@inproceedings{Pro10,
	author = {A. D. Procaccia},
	title = {Can Approximation Circumvent {G}ibbard-{S}atterthwaite?},
	booktitle = proc # {24th} # aaai,
	pages = {836--841},
	year = 2010
}

@article{Pro11,
	author = {A. D. Procaccia},
	title = {Computational Social Choice: The First Four Centuries},
	journal = {ACM XRDS},
	volume = 18,
	number = 2,
	pages = {31--34},
	year = 2011
}

@article{Pro13,
	author = {A. D. Procaccia},
	title = {Cake Cutting: Not Just Child's Play},
	journal = {Communications of the ACM},
	year = 2013,
	note = {Forthcoming}
}

@book{Put94,
	author = {M. L. Puterman},
	title = {Markov Decision Processes: Discrete Stochastic Dynamic Programming},
	publisher = {Wiley},
	year = 1994
}

@inproceedings{PBR07,
	author = {A. D. Procaccia and Y. Bachrach and J. S. Rosenschein},
	title = {Gossip-Based Aggregation of Trust in Decentralized Reputation Systems},
	booktitle = proc # {20th} # ijcai,
	pages = {1470--1475},
	year = 2007
}

@article{PCCS10,
	author = {D. C. Parkes and R. Cavallo and F. Constantin and S. Singh},
	title = {Dynamic incentive mechanisms},
	journal = {AI Magazine},
	volume = 31,
	number = 4,
	pages = {79--94},
	year = 2010
}

@misc{PFR07,
	author = {A. D. Procaccia and M. Feldman and J. S. Rosenschein},
	title = {Approximability and Inapproximability of {D}odgson and {Y}oung Elections},
	year = 2007,
	howpublished = {Discussion paper 466, Center for the Study of Rationality, The Hebrew University of Jerusalem}
}

@inproceedings{PHG00,
	author = {D. Pennock and E. Horvitz and L. Giles},
	title = {Social Choice Theory and Recommender Systems: Analysis of the Axiomatic Foundations of Collaborative Filtering},
	booktitle = proc # {17th} # aaai,
	pages = {729--734},
	year = {2000}
}

@article{PM82,
	author = {H. Moulin and B. Peleg},
	title = {Cores of effectivity functions and implementation theory},
	year = 1982,
	journal = {Journal of Mathematical Economics},
	pages = {115-145},
	volume = 10
}

@article{PP03,
	author = {J. Perote and J. {Perote-Pe\~na}},
  title = {The impossibility of strategy-proof clustering},
  journal = {Economics Bulletin},
  year = 2003,
  volume = 4,
  number = 23,
  pages = {1--9}
}

@article{PP04,
	author = {J. Perote and J. {Perote-Pe\~na}},
	title = {Strategy-proof estimators for simple regression},
	journal = {Mathematical Social Sciences},
	volume = 47,
	pages = {153--176},
	year = 2004
}

@misc{PP07,
	author = {B. Peleg and A. D. Procaccia},
	title = {Mediators Enable Truthful Voting},
	year = 2007,
	howpublished = {Discussion paper 451, Center for the Study of Rationality, The Hebrew University of Jerusalem}
}

@misc{PP07b,
	author = {B. Peleg and A. D. Procaccia},
	title = {Implementation by Mediated Equilibrium},
	year = 2007,
	howpublished = {Discussion paper 466, Center for the Study of Rationality, The Hebrew University of Jerusalem}
}

@article{PP10,
	author = {B. Peleg and A. D. Procaccia},
	title = {Implementation by Mediated Equilibrium},
	journal = {International Journal of Game Theory},
	volume = 39,
	number = {1--2},
	pages = {191--207},
	year = 2010
}

@misc{PP10b,
	author = {D. C. Parkes and A. D. Procaccia},
	title = {Dynamic social choice: Foundations and algorithms},
	howpublished = {Manuscript},
	year = 2010
}

@inproceedings{PPS12,
	author = {D. C. Parkes and A. D. Procaccia and N. Shah},
	title = {Beyond {D}ominant {R}esource {F}airness: Extensions, Limitations, and Indivisibilities},
	booktitle = proc # {13th} # ec,
	pages = {808--825},
	year = 2012,
}

@inproceedings{PR05,
	author = {A. D. Procaccia and J. S. Rosenschein},
	title = {Extensive-Form Argumentation Games},
	booktitle = proc # {3rd} # eumas,
	pages = {312--322},
	year = 2005
}

@incollection{PR06,
	author = {A. D. Procaccia and J. S. Rosenschein},
	title = {The Distortion of Cardinal Preferences in Voting},
	booktitle = proc # {10th} # cia,
	pages = {317--331},
	series = lncs,
	volume = 4149,
	year = 2006,
	publisher = {Springer}
}

@inproceedings{PR06b,
	author = {A. D. Procaccia and J. S. Rosenschein},
	title = {The Communication Complexity of Coalition Formation Among Autonomous Agents},
	booktitle = proc # {5th} # aamas,
	year = 2006,
	pages = {505--512}
}

@article{PR06c,
	author = {A. D. Procaccia and J. S. Rosenschein},
	title = {Learning to Identify Winning Coalitions in the {PAC} Model},
	booktitle = proc # {5th} # aamas,
	year = 2006,
	pages = {673--675}
}

@article{PR07,
	author = {A. D. Procaccia and J. S. Rosenschein},
	title = {Junta Distributions and the average-case complexity of manipulating elections},
	journal = {Journal of Artificial Intelligence Research},
	year = 2007,
	volume = 28,
	pages = {157--181}
}

@inproceedings{PR07b,
	author = {A. D. Procaccia and J. S. Rosenschein},
	title = {Average-Case Tractability of Manipulation in Elections via the Fraction of Manipulators},
	booktitle = proc # {6th} # aamas,
	year = 2007,
	pages = {718--720}
}

@inproceedings{PR07d,
	author = {A. D. Procaccia and J. S. Rosenschein},
	title = {A Computational Characterization of Multiagent Games with Fallacious Rewards},
	booktitle = proc # {6th} # aamas,
	year = 2007,
	pages = {1152--1159}
} 

@inproceedings{PRK07,
	author = {A. D. Procaccia and J. S. Rosenschein and G. A. Kaminka},
	title = {On the Robustness of Preference Aggregation in Noisy Environments},
	booktitle = proc # {6th} # aamas,
	pages = {416--422},
	year = 2007
}

@inproceedings{PRS12,
	author = {A. D. Procaccia and S. J. Reddi and N. Shah},
	title = {A Maximum Likelihood Approach For Selecting Sets of Alternatives},
	booktitle = proc # {28th} # uai,
	year = 2012,
	pages = {695--704}
}

@inproceedings{PRVT07,
	author = {M. S. Pini and F. Rossi and K. B. Venable and T. Walsh},
	title = {Incompleteness and Incomparability in Preference Aggregation},
	booktitle = proc # {20th} # ijcai,
	pages = {1464--1469},
	year = 2007
}

@inproceedings{PRZ07,
	author = {A. D. Procaccia and J. S. Rosenschein and A. Zohar},
	title = {Multi-Winner Elections: Complexity of Manipulation, Control and Winner-Determination},
	booktitle = proc # {20th} # ijcai,
	year = 2007,
	pages = {1476--1481}
}

@article{PS78,
	author = {E. Pazner and D. Schmeidler},
	title = {Egalitarian equivalent allocations: A new concept of economic equity},
	journal = {Quarterly Journal of Economics},
	volume = 92,
	number = 4,
	pages = {671--687},
	year = 1978
}

@inproceedings{PS03,
	author = {D. C. Parkes and S. Singh},
	title = {An {MDP}-based approach to online mechanism design},
	booktitle = proc # {17th} # nips,
	pages = {791--798},
	year = 2003
}

@inproceedings{PT03,
	author = {M. P\'al and \'E. Tardos},
	title = {Group strategyproof mechanisms via primal-dual algorithms},
	booktitle = proc # {44th} # focs,
	pages = {584--593},
	year = 2003
}

@inproceedings{PT09,
	author = {A. D. Procaccia and M. Tennenholtz},
	title = {Approximate mechanism design without money},
	year = 2009,
	booktitle = proc # {10th} # ec,
	pages = {177-186}	
}

@article{PW09,
	author = {G. Pritchard and M. Wilson},
	title = {Asymptotics of the minimum manipulating coalition size for positional voting rules under impartial culture behaviour},
	journal = {Mathematical Social Sciences},
	volume = 58,
	number = 1,
	pages = {35--57}
}

@inproceedings{PZPR07,
	author = {A. D. Procaccia and A. Zohar and Y. Peleg and J. S. Rosenschein},
	title = {Learning Voting Trees},
	booktitle = proc # {22nd} # aaai,
	pages = {110--115},
	year = {2007}
}

@article{PZPR09,
	author = {A. D. Procaccia and A. Zohar and Y. Peleg and J. S. Rosenschein},
	title = {The learnability of voting rules},
	journal = {Artificial Intelligence},
	year = 2009,
	volume = 173,
	number = {12--13},
	pages = {1133--1149}
}

@article{PRZ08,
	author = {A. D. Procaccia and J. S. Rosenschein and A. Zohar},
	title = {On the Complexity of Achieveing Proportional Representation},
	journal = {Social Choice and Welfare},
	volume = 30,
	number = 3,
	pages = {353-362},
	year = 2008
}

@inproceedings{PZR08,
	author = {A. D. Procaccia and A. Zohar and J. S. Rosenschein},
	title = {Automated Design of Scoring Rules by Learning from Examples},
	booktitle = proc # {7th} # aamas,
	year = {2008},
	pages = {951--958}
}

%Q

%R

@book{Rawls71,
	author = {J. Rawls},
	title = {A Theory of Justice},
	publisher = {Harvard University Press},
	year = 1971
}

@article{Ros73,
	author = {A. L. Rosenberg},
	title = {The Time Required to Recognize Properties of Graphs: A Problem},
	journal = {SIGACT News},
	volume = 5,
	number = 4,
	year = 1973,
	pages = {15--16}
}

@article{Rough10,
	author = {T. Roughgarden},
	title = {Algorithmic game theory},
	journal = {Communications of the {ACM}},
	volume = 53,
	number = 7,
	pages = {78--86},
	year = 2010
} 

@article{Roth07,
	author = {M. Rothkopf},
	title = {Thirteen Reasons the {V}ickrey-{C}larke-{G}roves Process is Not Practical},
	year = 2007,
	journal = {Operations Research},
	volume = 55,
	number = 2,
	pages={191--197}
}

@misc{RB01,
	author = {B. Ravindran and A. G. Barto},
	title = {Symmetries and model minimization in Markov Decision Processes},
	howpublished = {CMPSCI technical report 01-43},
	year = 2001
}

@inproceedings{RB03,
	author = {B. Ravindran and A. G. Barto},
	title = {{SMDP} Homomorphisms: An Algebraic Approach to Abstraction in Semi-{M}arkov Decision Processes},
	booktitle = proc # {18th} # ijcai,
	pages = {1011--1016},
	year = 2003
}

@article{RBP90,
	author = {D. Richard and H. Beguin and D. Peeters},
	title = {The location of fire stations in a rural environment: A case study},
	journal = {Environment and Planning A},
	volume = 22,
	pages = {39--52},
	year = 1990
}

@article{RCMB+09,
	author = {B. Rochwerger and D. Breitgand and E. Levy and A. Galis and K. Nagin and I. Llorente and R. Montero and Y. Wolfsthal and E. Elmroth and J. C\'aceres and M. Ben-Yehuda and W. Emmerich and F. Gal\'an},
	title = {The {RESERVOIR} Model and Architecture for Open Federated Cloud Computing},
	journal = {{IBM} Journal of Research and Development},
	volume = 53,
	number = 4,
	year = 2009
}

@inproceedings{RL08,
	author = {I. Rahwan and K. Larson},
	title = {Mechanism design for abstract argumentation},
	booktitle = proc # {7th} # aamas,
	pages = {1031--1038},
	year = 2008
}

@article{RP98,
	author = {J.H. Reijnierse and J. A. M. Potters},
	title = {On finding an envy-free {P}areto-optimal division},
	journal = {Mathematical Programming},
	volume = 83,
	pages = {291--311},
	year = 1998
}

@book{RS91,
	author = {A. E. Roth and M. Sotomayor},
	title = {Two-Sided Mathing: A Study in Game-Theoretic Modelling and Analysis},
	publisher = {Cambridge University Press},
	year = 1991
}

@inproceedings{RS97,
	author = {R. Raz and S. Safra},
	year = 1997,
	title = {A sub-constant error-probability low-degree test, and sub-constant error-probability {PCP} characterization of {NP}},
	booktitle = proc # {29th} # stoc,
	pages = {475--484}
}

@article{RSV03,
	author = {J. Rothe and H. Spakowski and J. Vogel},
	title = {Exact Complexity of the Winner Problem for {Y}oung Elections},
	journal = {Theory of Computing Systems},
	volume = 36,
	number = 4,
	pages = {375--386},
	year = 2003
}

@article{RT02,
	author = {T. Roughgarden and \'E. Tardos},
	title = {How bad is selfish routing?},
	journal = {Journal of the {ACM}},
	volume = 49,
	number = 2,
	pages = {236--259},
	year = 2002
}

@article{RV76,
	author = {R. Rivest and S. Vuillemin},
	title = {On Recognizing Graph Properties from Adjacency Matrices},
	journal = {Theoretical Computer Science},
	volume = 3,
	year = 1976,
	pages = {371--384}
}

@book{RW98,	
	author = {J. M. Robertson and W. A. Webb},
	title = {Cake Cutting Algorithms: Be Fair If You Can},
	year = 1998,
	Publisher = {A. K. Peters}
}

@inproceedings{RW12,
	author = {R. Reyhani and M. C. Wilson},
	title = {Best Reply Dynamics for Scoring Rules},
	booktitle = proc # {20th} # ecai,
	pages = {672--677},
	year = 2012
}

%S

@article{Sat75,
	author = {M. Satterthwaite},
	title = {Strategy-Proofness and {A}rrow's Conditions: Existence and Correspondence Theorems 
	for Voting Procedures and Social Welfare Functions},
	journal = {Journal of Economic Theory},
	volume = 10,
	pages = {187--217},
	year = 1975,
}

@article{Schul03,
	author = {M. Schulze},
	title = {A new monotonic and clone-independent single-winner election method},
	journal = {Voting Matters},
	volume = 17,
	pages = {9--19},
	year = 2003
}

@article{Schum97,
	author = {J. Schummer},
	title = {Strategy-proofness versus efficiency on restricted domains of exchange economies},
	journal = {Social Choice and Welfare},
	volume = 14,
	pages = {47--56},
	year = 1997
}

@article{Seg07,
	author = {I. Segal},
	title = {The communication requirements of social choice rules and supporting budget sets},
	journal = {Journal of Economic Theory},
	volume = 136,
	pages = {341--378},
	year = 2007
}

@article{Slin04,
	author = {A. Slinko},
	title = {How Large Should a Coalition Be to Manipulate an Election?},
	journal = {Mathematical Social Sciences},
	volume = 47,
	number = 3,
	pages = {289--293},
	year = 2004
}

@article{Spru95,
	author = {Y. Sprumont},
	title = {Strategyproof Collective Choice in Economic and Political Environments},
	journal = {The Canadian Journal of Economics},
	year = 1995,
	volume = 28,
	number = 1,
	pages = {68--107}
}

@article{Stein48,
	author = {H. Steinhaus},
	title = {The problem of fair division},
	journal = {Econometrica},
	volume = 16,
	pages = {101--104},
	year = 1948
}

@article{Strom80,	
	author = {W. Stromquist},
	title = {How to cut a cake fairly},
	journal = {American Mathematical Monthly},
	volume = 87,
	number = 8,
	pages = {640-644},
	year = 1980
}

@article{Strom08,
	author = {W. Stromquist},
	title = {Envy-free cake divisions cannot be found by finite protocols},
	journal = {The Electronic Journal of Combinatorics},
	volume = 15,
	pages = {\#R11},
	year = 2008
}

@article{Su99,
	author = {F. E. Su},
	title = {Rental harmony: {S}perner's lemma in fair division},
	journal = {American Mathematical Monthly},
	volume = 106,
	number = 10,
	pages = {930--942},
	year = 1999
}
	
@misc{Sven99,
	author = {L.-G. Svensson},
	title = {The Proof of the {G}ibbard-{S}atterthwaite Theorem Revisited},
	howpublished = {Working Paper No. 1999:1, Department of Economics, Lund University},
	year = {1999},
	note = {Available from: http://www.nek.lu.se/NEKlgs/vote09.pdf}
}

@book{Szpir10,
	author = {G. G. Szpiro},
	title = {Numbers Rule: The Vexing Mathematics of Democracy, from Plato to the Present},
	publisher = {Princeton University Press},
	year = 2010
}

@inproceedings{SA12,
	author = {T. C. Service and J. A. Adams},
	title = {Communication Complexity of Approximating Voting Rules},
	booktitle = proc # {11th} # aamas,
	pages = {593--602},
	year = 2012
}

@inproceedings{SB11,
	author = {X. Sui and C. Boutlier},
	title = {Efficiency and privacy tradeoffs in mechanism design},
	booktitle = proc # {25th} # aaai, 
	pages = {738--744},
	year = 2011
}

@book{SC00,
	title = {Support Vector Machines and other Kernel Based Learning Methods},
	author = {J. {Shawe-Taylor} and N. Cristianini},
	publisher = {Cambridge University Press},
	year = 2000
}

@inproceedings{SH10,
	author = {D. Shahaf and E. Horvitz},
	title = {Generalized Task Markets for Human and Machine Computation},
	booktitle = proc # {24th} # aaai,
	pages = {986--993},
	year = 2010
}

@article{SJ89,
	author = {A. Sinclair and M. Jerrum},
	title = {Approximate Counting, Uniform Generation, and Rapidly Mixing {M}arkov Chains},
	journal = {Information and Computation},
	volume = 82,
	year = 1989,
	pages = {93--133}
}

@book{SL08,
	author = {Y. Shoham and K. Leyton-Brown},
	title = {Multiagent Systems: Algorithmic, Game-Theoretic, and Logical Foundations},
	publisher = {Cambridge University Press},
	year = 2008
}

@article{SLAS+99,
	author = {T. Sandholm and K. Larson and M. Andersson and O. Shehory and F. Tohm\'e},
	title = {Coalition Structure Generation with Worst Case Guarantees},
	journal = {Artificial Intelligence},
	volume = 111,
	number = {1--2},
	pages = {209--238},
	year = 1999
}

@article{SPSH05,
	author = {G. Sigletos and G. Paliouras and C. Spyropoulos and M. Hatzopoulos},
	title = {Combining Information Extractions Systems Using Voting and Stacked Generalization},
	journal = {Journal of Machine Learning Research},
	volume = 6,
	pages = {1751--1782},
	year = 2005
}

@article{SS96,
	author = {A. Schram and J. Sonnemans},
	title = {Voter Turnout as a Participation Game: An Experimental Investigation},
	journal = {International Journal of Game Theory},
	volume = 25,
	number = 3,
	pages = {385--406},
	year = 1996
}

@inproceedings{SS07,
	author = {S. Saha and S. Sen},
	title = {An Efficient Protocol for Negotiation over Multiple Indivisible Resources},
	booktitle = proc # {20th} # ijcai,
	pages = {1494--1499},
	year = 2007
}

@article{ST96,
	author = {S. Srivastava and M. A. Trick},
	title = {Sophisticated Voting Rules: The Case of Two Tournaments},
	year = 1996,
	volume = 13,
	pages = {275--289},
	journal = {Social Choice and Welfare}
}

@article{SV02,
	author = {J. Schummer and R. V. Vohra},
	title = {Strategy-Proof Location on a Network},
	journal = {Journal of Economic Theory},
	volume = 104,
	number = 2,
	pages = {405--428},
	year = 2002
}

@incollection{SV07,
  author = {J. Schummer and R. V. Vohra},
  title = {Mechanism Design Without Money},
  editor = {N. Nisan and T. Roughgarden and \'E. Tardos and V. Vazirani},
  booktitle = {Algorithmic Game Theory},
  publisher = {Cambridge University Press},
  year = 2007,
  chapter = 10,
}

@inproceedings{SW09,
	author = {A. Saberi and Y. Wang},
	title = {Cutting a Cake for Five People},
	booktitle = proc # {5th} # aaim,
	pages = {292--300},
	year = 2009
}

%T

@inproceedings{Ten04,
	author = {M. Tennenholtz},
	title = {Transitive voting},
	booktitle = proc # {5th} # ec,
	pages = {230--231},
	year = 2004
}

@inproceedings{Than10,
	author = {N. K. Thang},
	title = {On (Group) Strategy-Proof Mechanisms without Payment for Facility Location Games},
	booktitle = proc # {4th} # wine,
	pages = {531--538},
	year = 2010
}
	
@article{Thom83,
	author = {W. Thomson},
	title = {The fair division of a fixed supply among a growing population},
	journal = {Mathematics of Operations Research},
	volume = 8,
	pages = {319--326},
	year = 1983
}

@article{Thom07,
	author = {W. Thomson},
	title = {Children crying at birthday parties. {W}hy?},
	journal = {Journal of Economic Theory},
	volume = 31,
	pages = {501--521},
	year = 2007
}

@incollection{Thom10,
	author = {W. Thomson},
	title = {Fair Allocation Rules},
	editor = {K. J. Arrow and A. Sen and K. Suzumura},
	booktitle = {Handbook of Social Choice and Welfare},
	publisher = {North-Holland},
	year = 2010,
	volume = 2,
	chapter = 21
}

@article{Tide87,
	author = {N. Tideman},
	title = {Independence of clones as a criterion for voting rules},
	journal = {Social Choice and Welfare},
	volume = 4,
	number = 3,
	pages = {185--206},
	year = 1987
}

@book{Tide06,
	author = {N. Tideman},
	title = {Collective Decisions and Voting},
	publisher = {Ashgate},
	year = 2006
}

@misc{Trev02,
	author = {L. Trevisan},
	title = {Lecture Notes on Computational Complexity},
	year = {2002},
	note = {Lecture 12}
}

@misc{THS11,
	author = {R. Takehara and M. Hachimori and M. Shigeno},
	title = {A comment on pure-strategy {N}ash equilibria in competitive diffusion games},
	year = 2011,
	howpublished = {Manuscript}
}

@inproceedings{TIY10,
	author = {T. Todo and A. Iwasaki and M. Yokoo},
	title = {False-name-proofness in Facility Location Problem on the Real Line},
	year = 2010,
	booktitle = proc # {6th} # wine,
	pages = {559--562}
}

@inproceedings{TP11,
	author = {P. Toulis and D. C. Parkes},
	title = {A random graph model of kidney exchanges: efficiency, individual-rationality and incentives},
	booktitle = proc # {12th} # ec,
	pages = {323--332},
	year = 2011
}

@article{TRG03,
	author = {I. Tsetlin and M. Regenwetter and B. Grofman},
	title = {The impartial culture maximizes the probability of majority cycles},
	journal = {Social Choice and Welfare},
	volume = 21,
	pages = {387--398},
	year = 2003
}

%U

@article{Unv10,
	author = {U. \"Unver},
	title = {Dynamic Kidney Exchange},
	journal = {Review of Economic Studies},
	volume = 77,
	number = 1,
	pages = {372--414},
	year = 2010
}

@article{UCEL09,
	author = {J. Uckelman and Y. Chevaleyre and U. Endriss and J. Lang},
	title = {Representing Utility Functions via Weighted Goals},
	journal = {Mathematical Logic Quarterly},
	volume = 55,
	number = 4,
	pages = {341--361},
	year = 2009
}
	
%V

@article{Var74,
	author = {H. Varian},
	title = {Equity, envy and efficiency},
	journal = {Journal of Economic Theory},
	volume = 9,
	pages = {63--91},
	year = 1974
}

@book{Vaz01,
	author = {V. V. Vazirani},
	title = {Approximation Algorithms},
	publisher = {Springer},
	year = 2001
}

@article{Vick61,
  AUTHOR = {W. Vickrey},
  title = {Counter Speculation, Auctions, and Competitive Sealed Tenders},
  journal = {Journal of Finance},
  volume = 16,
  number = 1,
  year = 1961,
  pages = {8--37}
}

%W

@inproceedings{Walsh07,
	author = {T. Walsh},
	title = {Uncertainty in Preference Elicitation and Aggregation},
	booktitle = proc # {22nd} # aaai,
	pages = {3--8},
	year = 2007
}

@inproceedings{Walsh09,
	author = {T. Walsh},
	title = {Where Are the Really Hard Manipulation Problems? {T}he Phase Transition in Manipulating the Veto Rule},
	booktitle = proc # {21st} # ijcai,
	pages = {324--329},
	year = 2009
}

@inproceedings{Walsh11,
	author = {T. Walsh},
	title = {Online Cake Cutting},
	booktitle = proc # {3rd} # adt,
	pages = {292--305},
	year = 2011
}
	

@misc{Web78,
	author = {R. J. Weber},
	title = {Reproducing Voting Systems},
	howpublished = {Cowles Foundation Discussion Paper No.~498},
	year = 1978
}

@article{Wing06,
	author = {J. M. Wing},
	title = {Computational Thinking},
	journal = {Communications of the ACM},
	volume = 49,
	number = 3,
	pages = {33--35},
	year = 2006
}

@book{Wool02,
	author = {M. Wooldridge},
	title = {An Introduction to Multiagent Systems},
	publisher = {Wiley},
	year = 2002
}

@book{Wool09,
	author = {M. Wooldridge},
	title = {An Introduction to Multiagent Systems},
	publisher = {Wiley},
	edition = {2nd},
	year = 2009
}

@article{Wood80,
	author = {D. R. Woodall},
	title = {Dividing a cake fairly},
	journal = {Journal of Mathematical Analysis and Applications},
	year = 1980,
	volume = 78,
	number = 1,
	pages = {233--247}
}

@inproceedings{WBBP10,
	author = {P. Welinder and S. Branson and S. Belongie and P. Perona},
	title = {The Multidimensional Wisdom of Crowds},
	booktitle = proc # {24th} # nips,
	pages = {2424--2432},
	year = 2010
}

@article{WS07,
	author = {G. J. Woeginger and J. Sgall},
	title = {On the complexity of cake cutting},
	journal = {Discrete Optimization},
	volume = 4,
	pages = {213--220},
	year = 2007	
}

@inproceedings{WW94,
	author = {C. A. Waldspurger and W. E. Weihl},
	title = {Lottery scheduling: flexible proportional-share resource management},
	booktitle = proc # {1st} # osdi,
	pages = {1--11},
	year = 1994
}

%X

@article{Xia13,
  author = {L. Xia},
  title = {Generalized scoring rules: a framework that reconciles {B}orda and {C}ondorcet},
  journal ={SIGecom Exchanges},
  volume = 12,
  number = 1,
	pages = {42--48},
  year = 2013
}

@inproceedings{XC08,
	author = {L. Xia and V. Conitzer},
	title = {Generalized scoring rules and the Frequency of Coalitional Manipulability},
	booktitle = proc # {9th} # ec,
	pages = {109--118},
	year = 2008
}	


@inproceedings{XC08b,
	author = {L. Xia and V. Conitzer},
	title = {A Sufficient Condition for Voting Rules to be Frequently Manipulable},
	booktitle = proc # {9th} # ec,
	pages = {99--108},
	year = 2008
}

@inproceedings{XC08c,
	author = {L. Xia and V. Conitzer},
	title = {Determining Possible and Necessary Winners under Common Voting Rules Given Partial Orders},
	booktitle = proc # {23rd} # aaai,
	pages = {196--201},
	year = 2008
}

@inproceedings{XC09,
	author = {L. Xia and V. Conitzer},
	title = {Finite Local Consistency Characterizes Generalized Scoring Rules},
	booktitle = proc # {21st} # ijcai,
	pages = {336--341},
	year = 2009
}

@inproceedings{XC11,
  author={L. Xia and V. Conitzer},
  title={A maximum likelihood approach towards aggregating partial orders},
  booktitle= proc # {22nd} # ijcai,
  pages={446--451},
  year={2011}
}

@inproceedings{XCL08,
	author = {L. Xia and V. Conitzer and J. Lang},
	title = {Voting on Multiattribute Domains with Cyclic Preferential Dependencies},
	booktitle = proc # {23rd} # aaai,
	pages = {202--207},
	year = 2008
}

@inproceedings{XCP10,
	author = {L. Xia and V. Conitzer and A. D. Procaccia},
	title = {A Scheduling Approach to Coalitional Manipulation},
  booktitle = proc # {11th} # ec, 
	year = 2010,
  pages = {275--284}
}

@inproceedings{XCPR08,
	author = {L. Xia and V. Conitzer and A. D. Procaccia and J. S. Rosenschein},
	title = {Complexity of Unweighted Manipulation Under Some Common Voting Rules},
	booktitle = proc # {2nd} # comsoc,
	year = 2008,
	note = {To appear}
}

@inproceedings{XLY07,
	author = {L. Xia and J. Lang and M. Ying}, 
	title = {Sequential Voting Rules and Multiple Elections Paradoxes},
	booktitle = proc # {11th} # tark,
	pages = {279--288},
	year = 2007
}

@inproceedings{XLY07b,
	author = {L. Xia and J. Lang and M. Ying}, 
	title = {Strongly Decomposable Voting Rules on Multiattribute Domains},
	booktitle = proc # {22nd} # aaai,
	pages = {776--781},
	year = 2007
}

@inproceedings{XZPC+09,
	author = {L. Xia and M. Zuckerman and A. D. Procaccia and V. Conitzer and J. S. Rosenschein},
	title = {Complexity of Unweighted Coalitional Manipulation under Some Common Voting Rules},
	booktitle = proc # {21st} # ijcai,
	pages = {348--353},
	year = 2009
}

%Y

@inproceedings{Yao77,
	author = {A. C. Yao},
	title = {Probabilistic Computations: Towards a Unified Measure of Complexity},
	booktitle = proc # {17th} # focs,
	pages = {222-227},
	year = 1977
}

@article{Young75,
	author = {H. P. Young},
	title = {Social Choice Scoring Functions},
	year = 1975,
	journal = {SIAM Journal of Applied Mathematics},
	volume = 28,
	number = 4,
	pages = {824--838}
}

@article{Young77,
	title = {Extending {C}ondorcet's Rule},
	author = {H. P. Young},
	journal = {Journal of Economic Theory},
	year = 1977,
	volume = 16,
	pages = {335--353}
}

@article{Young88,
	title = {Condorcet's theory of voting},
	author = {H. P. Young},
	journal = {The American Political Science Review},
	volume = 82,
	number = 4,
	pages = {1231--1244},
	year = 1988
}

@article{YSM04,
	author = {M. Yokoo and Y. Sakurai and S. Matsubara},
	title = {The effect of false-name bids in combinatorial auctions: New fraud in internet auctions},
	journal = {Games and Economic Behavior},
	volume = 46,
	number = 1,
	pages = {174--188},
	year = 2004
}

%Z

@article{Zhou91,
	author = {L. Zhou},
	title = {Inefficiency of strategy-proof allocation mechanisms in pure exchange economies},
	journal = {Social Choice and Welfare},
	volume = 8,
	pages = {247--254},
	year = 1991
}

@inproceedings{Ziv11,
	author = {R. Zivan},
	title = {Can trust increase the efficiency of cake cutting algorithms?},
	booktitle = proc # {10th} # aamas,
	pages = {1145--1146},
	year = 2011
}

@article{Zwicker08a,
  title={Consistency without neutrality in voting rules: When is a vote an average?},
  author={W. S. Zwicker},
  journal={Mathematical and Computer Modelling},
  volume={48},
  number={9},
  pages={1357--1373},
  year={2008}
}

@article{Zwicker08b,
  title={A characterization of the rational mean neat voting rules},
  author={W. S. Zwicker},
  journal={Mathematical and Computer Modelling},
  volume={48},
  number={9},
  pages={1374--1384},
  year={2008}
}

@inproceedings{ZB01,
	author = {M. Zinkevich and T. Balch},
	title = {Symmetry in {M}arkov Decision Processes and its Implications for Single Agent and Multiagent Learning},
	booktitle = proc # {18th} # icml,
	pages = {632--640},
	year = 2001
}

@inproceedings{ZPR08,
	author = {M. Zuckerman and A. D. Procaccia and J. S. Rosenschein},
	title = {Algorithms for the Coalitional Manipulation Problem},
	booktitle = proc # {19th} # soda,
	year = 2008,
	pages = {277--286}
}

@article{ZPR09,
	author = {M. Zuckerman and A. D. Procaccia and J. S. Rosenschein},
	title = {Algorithms for the Coalitional Manipulation Problem},
	journal = {Artificial Intelligence},
	year = 2009,
	volume = 173,
	number = 2,
	pages = {392--412}
}



%%%%%%%%%%%%%%%%%%%%%

@misc{Nika14,
	author = {N. Haghtalab},
	title = {Learning Generalized Scoring Rules},
	year = 2014,
	howpublished = {Manuscript}
}
	
@article{CDGL+12,
  title={Voting with rubber bands, weights, and strings},
  author={D. P. Cervone and R. Dai and D. Gnoutcheff and G. Lanterman and A. Mackenzie and A. Morse and N. Srivastava and W. S. Zwicker},
  journal={Mathematical Social Sciences},
  volume={64},
  number={1},
  pages={11--27},
  year={2012},
}

@misc{permuta,
  title={The Borda Count, the Kemeny Rule, and the Permutahedron},
  author={K. D. Crisman},
  year = 2009,
  howpublished={Manuscript}
}

@article{daugherty2009voting,
  title={Voting, the symmetric group, and representation theory},
  author={Z. Daugherty and A. K. Eustis and G. Minton and M. E. Orrison},
  journal={The American Mathematical Monthly},
  pages={667--687},
  year={2009},
%  publisher={JSTOR}
}

@book{saari1995basic,
  title={Basic geometry of voting},
  author={D. Saari},
  volume={12},
  year={1995},
  publisher={Springer}
}

@inproceedings{elkind2010good,
  title={Good Rationalizations of Voting Rules},
  author={E. Elkind and P. Faliszewski and A. M. Slinko},
  booktitle= proc # {24th} # aaai,
  pages={774--779},
  year={2010}
}

@book{brams2007approval,
  title={Approval voting},
  author={S. J. Brams and P. C. Fishburn},
  year={2007},
  publisher={Springer}
}

@article{ovchinnikov2005hyperplane,
  title={Hyperplane arrangements in preference modeling},
  author={S. Ovchinnikov},
  journal={Journal of Mathematical Psychology},
  volume={49},
  number={6},
  pages={481--488},
  year={2005},
%  publisher={Elsevier}
}

@article{doignon2004repeated,
  title={The repeated insertion model for rankings: Missing link between two subset choice models},
  author={J. P. Doignon and A. Peke{\v{c}} and M. Regenwetter},
  journal={Psychometrika},
  volume={69},
  number={1},
  pages={33--54},
  year={2004},
%  publisher={Springer}
}

@incollection{aigner2010cauchy,
  title={Cauchy's rigidity theorem},
  author={M. Aigner and G. M. Ziegler},
  booktitle={Proofs from THE BOOK},
  pages={81--84},
  year={2010},
  publisher={Springer}
}

@article{boissonnat2010bregman,
  title={Bregman voronoi diagrams},
  author={J. D. Boissonnat and F. Nielsen and R. Nock},
  journal={Discrete \& Computational Geometry},
  volume={44},
  number={2},
  pages={281--307},
  year={2010},
%  publisher={Springer}
}

@inproceedings{biedl2007cauchy,
  title={Cauchy's theorem and edge lengths of convex polyhedra},
  author={T. Biedl and A. Lubiw and M. Spriggs},
  booktitle= proc # {10th} # wads,
  pages={398--409},
  year={2007},
%  organization={Springer-Verlag}
}

@article{o1988computational,
  title={Computational geometry column},
  author={J. O'Rourke},
  journal={ACM SIGACT News},
  volume={19},
  number={3-4},
  pages={21--26},
  year={1988},
%  publisher={ACM}
}

@article{ikramov2000conditionally,
  title={Conditionally definite matrices},
  author={K. D. Ikramov and N. V. Savel'eva},
  journal={Journal of Mathematical Sciences},
  volume={98},
  number={1},
  pages={1--50},
  year={2000},
%  publisher={Springer}
}

@article{schoenberg1938metric,
  title={Metric spaces and positive definite functions},
  author={I. J. Schoenberg},
  journal={Transactions of the American Mathematical Society},
  volume={44},
  pages={522--536},
  year={1938}
}

@inproceedings{CPS14,
	author = {I. Caragiannis and A. D. Procaccia and N. Shah},
	title = {Modal Ranking: A Uniquely Robust Voting Rule},
	booktitle = proc # {28th} # aaai,
	year = 2014,
	note = {Forthcoming}
}

@article{Myerson95,
  title={Axiomatic derivation of scoring rules without the ordering assumption},
  author={R. B. Myerson},
  journal={Social Choice and Welfare},
  volume={12},
  number={1},
  pages={59--74},
  year={1995}
}



